2425 3850
435 228 719 318 neamenim·
1012 252 1051 310 2⁵

93 447 232 524 scopulus
256 448 438 521 imminebat,
463 453 492 508 et
514 449 627 508 lubrica
654 469 724 508 saxa
748 449 871 526 vestigia
898 449 1049 508 fallebant.

92 541 223 599 Tandem
245 561 334 600 senex
352 543 475 618 juvenes
495 542 544 601 his
564 543 661 602 verbis
682 543 794 602 deridet
803 564 813 617 3
841 542 931 603 “Cur
950 543 1050 619 ignavi

92 635 255 710 perieulum
276 635 407 694 timetist
430 641 511 696 eece!
536 655 600 695 mea
621 655 711 712 parva
730 637 792 694 filia
812 637 849 696 ad
869 636 967 695 locum
987 637 1051 694 des-

92 729 226 788 eendet''
266 728 398 789 Juvones
414 730 470 788 etsi
490 749 551 789 ram
571 731 624 788 vix
645 730 776 803 eredunt,
791 735 891 789 tamen
911 730 1051 788 mandata

92 821 156 896 ejus
191 827 340 898 peragunt
398 822 506 898 Magna
539 842 663 899 quereus
691 823 881 899 impendebat
910 822 1030 900 scopulo
1041 844 1050 897 3

90 914 161 972 huie
176 915 277 973 funem
291 920 395 992 aptant
408 921 438 974 et
451 916 550 975 omnia
564 922 676 993 parant.

247 1175 297 1240 32.
325 1158 356 1223 T
353 1159 393 1221 lte
415 1157 579 1224 Vulture’s
593 1160 678 1223 Nest
693 1158 896 1243 (continued).

132 1303 201 1362 Jam
223 1322 312 1362 senex
333 1308 433 1362 tenero
451 1304 564 1380 corpori
584 1303 708 1380 virginis
728 1304 829 1362 funem
851 1309 935 1362 eante
955 1309 1045 1380 aptat

88 1397 167 1456 Tum
191 1416 243 1456 sex
267 1397 359 1455 validi
382 1398 507 1473 juvenes
535 1412 598 1455 eam
627 1417 664 1455 ex
692 1397 751 1455 alti
778 1417 850 1474 rupa
874 1399 1044 1458 demittunt.
1114 1427 1119 1436 ·

89 1491 201 1550 Omnes
221 1491 304 1549 taetri
324 1497 462 1550 eventurn
482 1495 672 1567 exspectant3
695 1495 726 1549 at
746 1490 798 1548 illa
818 1494 917 1549 seedra
937 1493 1047 1550 aerium

87 1585 147 1642 iter
160 1585 263 1659 pergit,
275 1590 305 1642 et
314 1603 419 1659 magno
433 1588 520 1642 conto
534 1583 669 1642 defendit
683 1588 783 1642 acutos
792 1583 935 1660 scopulos.
977 1585 998 1642 J
999 1605 1047 1644 am

89 1676 225 1753 pervinit
249 1677 287 1734 ad
310 1677 423 1751 nidum,
449 1684 479 1736 et
507 1677 610 1736 dextra
637 1696 761 1754 parvum
786 1677 932 1736 vulturem
956 1682 1045 1738 tenet.

89 1769 198 1830 Statim
214 1771 265 1829 dat
283 1772 399 1847 signum
420 1771 539 1831 reditis.
582 1771 625 1829 At
639 1775 722 1848 pater
735 1771 836 1829 vultur
848 1771 931 1830 audit
945 1791 1048 1831 vocem

87 1864 189 1942 prolis,
205 1869 234 1922 et
247 1883 353 1942 magno
367 1864 501 1941 clangore
515 1863 642 1942 puellam
664 1865 747 1942 petit.
790 1865 849 1923 Illa
868 1870 975 1939 tamen,
991 1865 1047 1923 etsi

87 1958 170 2017 saevi
194 1959 272 2017 alitis
296 1978 408 2035 unguas
432 1964 546 2018 teneras
570 1978 674 2017 manus
698 1959 866 2033 dilacerant,
892 1960 987 2018 cultro
1014 1979 1045 2019 se

87 2052 231 2124 defendit,
260 2072 314 2111 nea
341 2054 478 2129 praedam
506 2053 644 2112 demittit
696 2052 766 2112 Jam
789 2054 915 2129 juvenes
942 2052 1047 2114 vident

86 2145 251 2221 perieulum
265 2143 388 2221 puellae,
404 2144 657 2223 ingbminant-qua
676 2145 813 2206 laborem.
856 2145 931 2205 Mox
950 2146 1045 2205 laetus

86 2244 171 2316 pater
184 2238 322 2297 audacem
335 2238 426 2298 filiam
440 2239 578 2316 amplexu
591 2244 681 2298 tenet.

397 2499 446 2563 33.
475 2483 506 2546 T
502 2483 543 2547 lae
559 2482 740 2549 Standard.

129 2618 281 2693 Ricardus,
296 2638 348 2677 rex
362 2619 579 2692 Britannorum,
595 2620 665 2679 olim
681 2638 749 2678 eum
769 2616 919 2677 Solimano
934 2618 1046 2677 ballum

86 2712 212 2789 gerebat.
270 2712 383 2771 Multos
418 2715 530 2790 equites
565 2714 746 2772 diversarum
776 2712 917 2787 gentium,
952 2714 1046 2772 socios

86 2807 304 2883 adjutoresque
327 2806 408 2878 belli,
434 2807 569 2866 habebat.
622 2808 665 2865 Hi
689 2806 773 2865 sortis
797 2806 873 2881 regis
900 2806 1046 2866 timebant

85 2902 237 2972 virtutem,
249 2901 301 2959 sed
312 2900 477 2976 superbiam
492 2920 595 2977 parum
609 2902 754 2959 amabant
798 2899 886 2958 Forte
896 2918 948 2959 rex
958 2920 1044 2959 suum

85 2995 204 3071 signum
217 2994 250 3051 in
264 2994 325 3052 alto
345 3000 375 3053 et
395 2994 504 3071 insigni
523 2996 588 3054 loeo
610 2995 807 3055 constituerat.
852 2994 890 3053 Id
908 2995 1046 3054 movebat

85 3089 159 3147 iram
184 3089 328 3147 sociorum
352 3094 382 3147 et
405 3095 495 3147 noctu
519 3089 637 3165 signum
661 3089 815 3147 divellunt
858 3087 925 3147 Rex
945 3088 1046 3165 igitur,

86 3183 140 3241 ubi
154 3182 271 3258 reponit
284 3182 409 3258 signum,
425 3180 529 3257 deligit
543 3184 696 3241 custodem
708 3181 766 3241 loei
779 3182 909 3257 equitem
924 3183 1045 3241 nomine

86 3276 260 3336 cannetum.
304 3276 368 3334 Neo
389 3276 440 3334 ille
459 3280 574 3335 tantum
596 3277 736 3335 honorem
756 3280 877 3350 taedeat,
899 3279 930 3334 at
951 3276 1046 3335 laetus

84 3386 166 3428 arma
199 3367 306 3427 induit.
363 3368 448 3442 Inde,
484 3370 540 3427 etsi
574 3370 637 3447 ipse
670 3369 898 3445 haudquaquam
929 3367 1043 3427 hostem

85 3461 218 3535 timebat,
233 3480 334 3519 canem
349 3460 464 3520 fidelem
479 3462 596 3539 vigiliae
610 3464 747 3522 comitem
761 3462 921 3521 advocavit
