2425 3850
445 253 718 324 Translations.

394 561 462 629 135.
490 547 559 612 Tlrc
570 547 782 615 Hunclzback.

145 699 243 760 Varus
257 701 368 762 tibicen
380 707 441 761 erat
459 720 576 779 corpore
589 701 718 776 informi,
734 702 858 762 canendi
878 708 977 761 tamen
997 705 1059 761 arte

104 794 307 870 peritissimus.
351 796 409 854 Hic
424 796 495 854 olim
514 795 553 855 ad
573 815 692 855 coenam
706 803 827 856 vocatus
848 801 892 855 est
913 816 930 855 a
950 801 1059 855 sertore

104 887 241 963 quodam,
253 889 314 964 qui,
326 889 382 948 etsi
395 889 497 948 modos
509 889 600 948 tibiae
614 909 702 966 quam
719 891 846 949 maxime
860 890 983 964 amabat,
996 889 1060 967 ipse

104 986 222 1040 cantero
249 1001 311 1040 non
338 987 458 1059 poterat.
516 982 597 1041 Dum
625 989 757 1058 coenant,
786 983 891 1055 Varus,
920 984 1000 1060 quod
1014 997 1060 1041 ‘os

103 1093 244 1151 magnum
271 1075 408 1135 haerebat
438 1076 471 1134 in
504 1082 632 1153 gutture,
661 1077 699 1135 ad
727 1082 833 1137 terram
866 1077 1059 1136 moribundus

104 1169 218 1228 cecidit
282 1171 358 1229 Inde
392 1175 486 1229 sartor
511 1171 624 1230 veritus
650 1191 688 1230 ne
723 1173 819 1231 caedis
853 1173 900 1230 sui
933 1172 1059 1248 hospitis

103 1269 295 1338 accusaretur,
311 1264 397 1322 amici
410 1264 537 1323 infelicis
550 1283 655 1342 corpus
674 1265 712 1324 ad
732 1265 818 1324 aedes
838 1265 944 1324 medici
965 1267 1061 1340 cnjus·

102 1356 172 1414 dem
197 1355 274 1415 clam
297 1356 412 1417 detulit
456 1357 515 1416 Hic
540 1377 615 1417 onus
642 1359 759 1417 aedium
786 1359 922 1436 postibus
949 1358 1060 1417 fultum

103 1449 232 1526 reliquit
275 1450 376 1510 Prima
396 1451 470 1525 lnce,
485 1451 539 1510 ubi
559 1453 699 1524 medicus,
714 1452 761 1512 vir
781 1453 946 1527 iracundus,
961 1458 1060 1529 portas

102 1543 221 1603 aedium
255 1544 391 1603 incautus
425 1546 572 1619 reseravit,
602 1565 706 1622 corpus
737 1565 790 1606 suo
821 1547 884 1605 loco
912 1546 1059 1622 dejectum

102 1657 240 1715 praeceps
254 1638 292 1697 ad
305 1644 412 1698 te'rram
425 1640 493 1699 ruit.
537 1639 624 1714 Quod
637 1641 690 1699 ubi
703 1641 782 1700 vidit
798 1640 937 1714 medicus,
952 1659 984 1698 re
997 1644 1059 1698 tam

102 1732 256 1807 inopinata
274 1751 364 1808 quam
383 1733 511 1791 maxime
531 1735 709 1810 perterritus,
732 1734 864 1793 tibicinis
884 1734 1006 1793 cadaver
1025 1734 1059 1792 in

101 1825 269 1885 interiorem
294 1831 406 1903 partem
430 1826 535 1886 domus
555 1828 692 1903 portavit,
715 1847 844 1905 remque
868 1847 935 1886 cnm
956 1845 1057 1901 uxore,

101 1919 213 1980 femina
226 1919 299 1980 acria
312 1920 432 1999 ingenii,
448 1921 682 1983 communicavit

359 2168 429 2249 136.
451 2168 561 2232 Boron
576 2169 630 2232 tae
646 2168 807 2253 Chimney.

140 2322 217 2382 Inde
243 2341 326 2396 uxor,
357 2322 485 2396 “Noli'’
513 2320 619 2399 inquit,
643 2326 702 2386 “te
728 2344 841 2398 vexare,
863 2343 928 2384 mec
955 2329 1055 2385 tamen

97 2420 221 2481 consilio
235 2419 325 2481 utere.
366 2420 569 2480 Honorinum
588 2422 627 2481 ad
647 2441 794 2482 summum
808 2423 923 2482 culmen
937 2422 1054 2483 aedium

96 2518 473 2595 propinquarumfsramus
511 2518 1053 2597 Indecorpusininterioremdcmum

96 2610 183 2671 facile
194 2611 348 2671 demittere
361 2611 548 2689 poterimus'‘
589 2612 725 2671 Medicus
738 2613 770 2672 id
784 2613 863 2689 quod
876 2614 1051 2690 imperatum

95 2710 142 2763 est
154 2704 234 2777 iacit,
249 2724 422 2782 corpusque
442 2706 560 2780 mortui,
575 2712 611 2765 ut
630 2707 839 2784 praescriptum
858 2711 911 2780 est,
927 2706 1049 2769 funibus

94 2798 172 2857 clam
185 2798 323 2858 demittit
366 2800 411 2857 At
429 2805 579 2874 mercator,
595 2800 647 2876 qui
667 2820 731 2861 eam
751 2801 880 2861 domum·
891 2801 1047 2875 incolebat,

94 2892 148 2953 ubi
161 2892 289 2969 primum
302 2911 367 2953 eam
380 2897 493 2969 partem
506 2893 624 2953 aedium
639 2895 772 2967 intravit,
787 2914 874 2972 quam
888 2896 922 2955 in
934 2900 1048 2972 partem

93 3004 199 3063 corpus
219 2986 378 3045 demissum
398 2991 470 3060 arat,
489 2987 642 3047 tibicinem
662 3008 714 3066 pro
734 2990 798 3049 fure
818 3009 922 3067 magno
943 2989 1047 3050 baculo

92 3079 245 3157 percussit,
270 3098 442 3156 corpusque
464 3080 496 3139 vi
520 3081 597 3140 ictr‘rs
621 3084 659 3141 ad
683 3088 788 3143 terram
813 3084 927 3161 dejmit.
970 3083 1046 3143 Inde

93 3172 272 3249 perterritus,
300 3190 339 3230 ne
365 3172 428 3250 ipse
455 3172 492 3231 de
519 3174 606 3233 coede
637 3180 825 3250 accusaretur,
853 3176 975 3237 cadaver
1007 3176 1046 3235 ad

92 3265 230 3325 humeros
256 3266 414 3341 sublatum,
443 3266 477 3325 in
503 3267 583 3326 viam
611 3268 725 3330 detulit
778 3270 862 3346 Tum,
890 3275 1046 3348 postquam

90 3358 251 3433 hominem,
265 3364 406 3437 tanquam
419 3360 531 3434 vivum,
546 3360 585 3420 sd
598 3380 715 3422 murum
735 3362 922 3441 applicuerat,
943 3383 962 3422 a
981 3362 1060 3423 loco'

91 3472 180 3531 quam
194 3452 341 3512 celerrime
354 3472 385 3514 se
398 3454 515 3532 recepit
