<?xml version="1.0" encoding="UTF-8"?>
<!DOCTYPE html PUBLIC "-//W3C//DTD XHTML 1.0 Transitional//EN"
    "http://www.w3.org/TR/xhtml1/DTD/xhtml1-transitional.dtd">
<html xmlns="http://www.w3.org/1999/xhtml" xml:lang="en" lang="en">
 <head>
  <title>
</title>
<meta http-equiv="Content-Type" content="text/html;charset=utf-8" />
  <meta name='ocr-system' content='tesseract 3.04.00' />
  <meta name='ocr-capabilities' content='ocr_page ocr_carea ocr_par ocr_line ocrx_word'/>
</head>
<body>
  <div class='ocr_page' id='page_1' title='image "./gradatim01kinggoog/gradatim01kinggoog_0050.png"; bbox 0 0 2425 3850; ppageno 0'>
   <div class='ocr_carea' id='block_1_1' title="bbox 175 241 789 309">
    <p class='ocr_par' dir='ltr' id='par_1_1' title="bbox 175 241 789 309">
     <span class='ocr_line' id='line_1_1' title="bbox 175 241 789 309; baseline 0.011 -7"><span class='ocrx_word' id='word_1_1' title='bbox 175 243 213 302; x_wconf 86' lang='lat'>38</span> <span class='ocrx_word' id='word_1_2' title='bbox 513 241 789 309; x_wconf 70' lang='lat' dir='ltr'>¹translatione.</span> 
     </span>
    </p>
   </div>
   <div class='ocr_carea' id='block_1_2' title="bbox 172 433 1136 884">
    <p class='ocr_par' dir='ltr' id='par_1_2' title="bbox 172 433 1136 884">
     <span class='ocr_line' id='line_1_2' title="bbox 173 433 1134 509; baseline 0 -19"><span class='ocrx_word' id='word_1_3' title='bbox 173 434 273 492; x_wconf 89' lang='lat' dir='ltr'>mium.</span> <span class='ocrx_word' id='word_1_4' title='bbox 317 433 408 491; x_wconf 86' lang='lat' dir='ltr'>Mane</span> <span class='ocrx_word' id='word_1_5' title='bbox 428 433 660 509; x_wconf 78' lang='lat' dir='ltr'>unumquisque</span> <span class='ocrx_word' id='word_1_6' title='bbox 677 433 834 491; x_wconf 79' lang='lat' dir='ltr'>comitibus</span> <span class='ocrx_word' id='word_1_7' title='bbox 854 433 1000 491; x_wconf 88' lang='lat' dir='ltr'>somnium</span> <span class='ocrx_word' id='word_1_8' title='bbox 1021 440 1134 491; x_wconf 89' lang='lat' dir='ltr'>narrat.</span> 
     </span>
     <span class='ocr_line' id='line_1_3' title="bbox 172 526 1136 604; baseline 0 -20"><span class='ocrx_word' id='word_1_9' title='bbox 172 526 290 586; x_wconf 84' lang='lat' dir='ltr'>Primus</span> <span class='ocrx_word' id='word_1_10' title='bbox 318 545 356 585; x_wconf 87' lang='lat' dir='ltr'>ex</span> <span class='ocrx_word' id='word_1_11' title='bbox 383 526 546 586; x_wconf 84' lang='lat' dir='ltr'>viatoribus</span> <span class='ocrx_word' id='word_1_12' title='bbox 580 527 624 584; x_wconf 89' lang='lat' dir='ltr'>sic</span> <span class='ocrx_word' id='word_1_13' title='bbox 658 526 782 604; x_wconf 86' lang='lat' dir='ltr'>incipit:</span> <span class='ocrx_word' id='word_1_14' title='bbox 818 526 925 584; x_wconf 88' lang='lat' dir='ltr'>“Mihi</span> <span class='ocrx_word' id='word_1_15' title='bbox 953 526 987 583; x_wconf 92' lang='lat' dir='ltr'>in</span> <span class='ocrx_word' id='word_1_16' title='bbox 1015 527 1136 585; x_wconf 89' lang='lat' dir='ltr'>somnio</span> 
     </span>
     <span class='ocr_line' id='line_1_4' title="bbox 172 621 1136 698; baseline 0 -19"><span class='ocrx_word' id='word_1_17' title='bbox 172 621 331 698; x_wconf 86' lang='lat' dir='ltr'>apparebat</span> <span class='ocrx_word' id='word_1_18' title='bbox 351 640 453 697; x_wconf 89' lang='lat' dir='ltr'>rapum</span> <span class='ocrx_word' id='word_1_19' title='bbox 474 621 712 696; x_wconf 77' lang='lat' dir='ltr'>ingentissimum</span> <span class='ocrx_word' id='word_1_20' title='bbox 721 642 731 695; x_wconf 88' lang='lat'>;</span> <span class='ocrx_word' id='word_1_21' title='bbox 750 622 804 680; x_wconf 87' lang='lat' dir='ltr'>vix</span> <span class='ocrx_word' id='word_1_22' title='bbox 823 621 857 678; x_wconf 93' lang='lat' dir='ltr'>id</span> <span class='ocrx_word' id='word_1_23' title='bbox 875 621 999 679; x_wconf 88' lang='lat' dir='ltr'>trecenti</span> <span class='ocrx_word' id='word_1_24' title='bbox 1012 621 1073 679; x_wconf 84' lang='lat' dir='ltr'>riri</span> <span class='ocrx_word' id='word_1_25' title='bbox 1094 641 1136 679; x_wconf 85' lang='lat' dir='ltr'>ex</span> 
     </span>
     <span class='ocr_line' id='line_1_5' title="bbox 173 714 1136 792; baseline -0.002 -19"><span class='ocrx_word' id='word_1_26' title='bbox 173 714 414 792; x_wconf 84' lang='lat' dir='ltr'>agrotrabebant.</span> <span class='ocrx_word' id='word_1_27' title='bbox 451 715 533 772; x_wconf 86' lang='lat' dir='ltr'>Num</span> <span class='ocrx_word' id='word_1_28' title='bbox 544 734 597 774; x_wconf 89' lang='lat' dir='ltr'>vos</span> <span class='ocrx_word' id='word_1_29' title='bbox 608 714 721 790; x_wconf 91' lang='lat' dir='ltr'>aliquid</span> <span class='ocrx_word' id='word_1_30' title='bbox 731 715 786 774; x_wconf 92' lang='lat' dir='ltr'>hoc</span> <span class='ocrx_word' id='word_1_31' title='bbox 797 715 959 774; x_wconf 90' lang='lat' dir='ltr'>mirabilius</span> <span class='ocrx_word' id='word_1_32' title='bbox 967 714 1136 774; x_wconf 68' lang='lat' dir='ltr'>videbatis?</span> 
     </span>
     <span class='ocr_line' id='line_1_6' title="bbox 173 807 683 884; baseline 0.002 -19"><span class='ocrx_word' id='word_1_33' title='bbox 173 807 252 866; x_wconf 90' lang='lat' dir='ltr'>Mihi</span> <span class='ocrx_word' id='word_1_34' title='bbox 266 814 343 866; x_wconf 88' lang='lat' dir='ltr'>certe</span> <span class='ocrx_word' id='word_1_35' title='bbox 357 809 519 884; x_wconf 91' lang='lat' dir='ltr'>praemium</span> <span class='ocrx_word' id='word_1_36' title='bbox 533 808 683 868; x_wconf 88' lang='lat' dir='ltr'>debetur.&#39;&#39;</span> 
     </span>
    </p>
   </div>
   <div class='ocr_carea' id='block_1_3' title="bbox 306 1123 996 1207">
    <p class='ocr_par' dir='ltr' id='par_1_3' title="bbox 306 1123 996 1207">
     <span class='ocr_line' id='line_1_7' title="bbox 306 1123 996 1207; baseline 0.003 -21"><span class='ocrx_word' id='word_1_37' title='bbox 306 1138 353 1205; x_wconf 83' lang='lat'>54</span> <span class='ocrx_word' id='word_1_38' title='bbox 378 1124 409 1187; x_wconf 87' lang='grc' dir='ltr'><em>Α</em></span> <span class='ocrx_word' id='word_1_39' title='bbox 439 1123 635 1205; x_wconf 83' lang='lat' dir='ltr'>Wonderful</span> <span class='ocrx_word' id='word_1_40' title='bbox 645 1125 772 1188; x_wconf 84' lang='lat' dir='ltr'>Dream</span> <span class='ocrx_word' id='word_1_41' title='bbox 789 1123 996 1207; x_wconf 85' lang='lat' dir='ltr'><em>(continued).</em></span> 
     </span>
    </p>
   </div>
   <div class='ocr_carea' id='block_1_4' title="bbox 167 1291 1132 2191">
    <p class='ocr_par' dir='ltr' id='par_1_4' title="bbox 167 1291 1132 2191">
     <span class='ocr_line' id='line_1_8' title="bbox 213 1291 1132 1368; baseline 0.001 -20"><span class='ocrx_word' id='word_1_42' title='bbox 213 1291 288 1348; x_wconf 86' lang='lat' dir='ltr'>Tum</span> <span class='ocrx_word' id='word_1_43' title='bbox 308 1291 460 1364; x_wconf 86' lang='lat' dir='ltr'>secundus,</span> <span class='ocrx_word' id='word_1_44' title='bbox 483 1291 665 1352; x_wconf 82' lang='lat' dir='ltr'>“Somnium</span> <span class='ocrx_word' id='word_1_45' title='bbox 686 1291 806 1368; x_wconf 91' lang='lat' dir='ltr'>quidem</span> <span class='ocrx_word' id='word_1_46' title='bbox 826 1292 933 1349; x_wconf 91' lang='lat' dir='ltr'>mirum</span> <span class='ocrx_word' id='word_1_47' title='bbox 954 1291 1111 1350; x_wconf 80' lang='lat' dir='ltr'>narravisti</span> <span class='ocrx_word' id='word_1_48' title='bbox 1122 1312 1132 1364; x_wconf 81' lang='lat'>3</span> 
     </span>
     <span class='ocr_line' id='line_1_9' title="bbox 172 1385 1132 1461; baseline 0 -19"><span class='ocrx_word' id='word_1_49' title='bbox 172 1385 247 1443; x_wconf 92' lang='lat' dir='ltr'>mihi</span> <span class='ocrx_word' id='word_1_50' title='bbox 268 1392 366 1443; x_wconf 91' lang='lat' dir='ltr'>tamen</span> <span class='ocrx_word' id='word_1_51' title='bbox 386 1385 499 1461; x_wconf 89' lang='lat' dir='ltr'>aliquid</span> <span class='ocrx_word' id='word_1_52' title='bbox 521 1385 684 1444; x_wconf 91' lang='lat' dir='ltr'>mirabilius</span> <span class='ocrx_word' id='word_1_53' title='bbox 703 1386 800 1443; x_wconf 87' lang='lat' dir='ltr'>visum</span> <span class='ocrx_word' id='word_1_54' title='bbox 818 1391 869 1444; x_wconf 90' lang='lat' dir='ltr'>est.</span> <span class='ocrx_word' id='word_1_55' title='bbox 913 1386 944 1444; x_wconf 86' lang='lat' dir='ltr'>N</span> <span class='ocrx_word' id='word_1_56' title='bbox 945 1404 992 1443; x_wconf 86' lang='lat' dir='ltr'>am</span> <span class='ocrx_word' id='word_1_57' title='bbox 1010 1385 1076 1443; x_wconf 86' lang='lat' dir='ltr'>vidi</span> <span class='ocrx_word' id='word_1_58' title='bbox 1097 1385 1132 1442; x_wconf 90' lang='lat' dir='ltr'>in</span> 
     </span>
     <span class='ocr_line' id='line_1_10' title="bbox 173 1478 1132 1555; baseline 0 -20"><span class='ocrx_word' id='word_1_59' title='bbox 173 1478 285 1536; x_wconf 87' lang='lat' dir='ltr'>somnio</span> <span class='ocrx_word' id='word_1_60' title='bbox 306 1498 358 1536; x_wconf 86' lang='lat' dir='ltr'>ras</span> <span class='ocrx_word' id='word_1_61' title='bbox 378 1479 622 1554; x_wconf 87' lang='lat' dir='ltr'>ingentissimum,</span> <span class='ocrx_word' id='word_1_62' title='bbox 645 1479 724 1554; x_wconf 93' lang='lat' dir='ltr'>quod</span> <span class='ocrx_word' id='word_1_63' title='bbox 745 1479 797 1536; x_wconf 86' lang='lat' dir='ltr'>vix</span> <span class='ocrx_word' id='word_1_64' title='bbox 818 1478 972 1555; x_wconf 74' lang='lat' dir='ltr'>quingenti</span> <span class='ocrx_word' id='word_1_65' title='bbox 994 1478 1132 1536; x_wconf 87' lang='lat' dir='ltr'>homines</span> 
     </span>
     <span class='ocr_line' id='line_1_11' title="bbox 172 1571 1131 1649; baseline -0.001 -19"><span class='ocrx_word' id='word_1_66' title='bbox 172 1573 263 1630; x_wconf 87' lang='lat' dir='ltr'>totius</span> <span class='ocrx_word' id='word_1_67' title='bbox 284 1573 354 1630; x_wconf 89' lang='lat' dir='ltr'>anni</span> <span class='ocrx_word' id='word_1_68' title='bbox 379 1573 473 1648; x_wconf 88' lang='lat' dir='ltr'>spatio</span> <span class='ocrx_word' id='word_1_69' title='bbox 497 1576 678 1649; x_wconf 81' lang='lat' dir='ltr'>paraverant,</span> <span class='ocrx_word' id='word_1_70' title='bbox 721 1571 872 1630; x_wconf 76' lang='lat' dir='ltr'>Facillime</span> <span class='ocrx_word' id='word_1_71' title='bbox 897 1590 931 1630; x_wconf 89' lang='lat' dir='ltr'>eo</span> <span class='ocrx_word' id='word_1_72' title='bbox 956 1591 1024 1631; x_wconf 86' lang='lat' dir='ltr'>vase</span> <span class='ocrx_word' id='word_1_73' title='bbox 1048 1572 1131 1630; x_wconf 90' lang='lat' dir='ltr'>istud</span> 
     </span>
     <span class='ocr_line' id='line_1_12' title="bbox 172 1664 1130 1741; baseline 0 -19"><span class='ocrx_word' id='word_1_74' title='bbox 172 1685 274 1741; x_wconf 90' lang='lat' dir='ltr'>rapum</span> <span class='ocrx_word' id='word_1_75' title='bbox 289 1665 498 1724; x_wconf 79' lang='lat' dir='ltr'>continebatur.</span> <span class='ocrx_word' id='word_1_76' title='bbox 544 1665 654 1724; x_wconf 86' lang='lat' dir='ltr'>Nonne</span> <span class='ocrx_word' id='word_1_77' title='bbox 668 1665 724 1724; x_wconf 91' lang='lat' dir='ltr'>hoc</span> <span class='ocrx_word' id='word_1_78' title='bbox 738 1666 885 1724; x_wconf 88' lang='lat' dir='ltr'>somnium</span> <span class='ocrx_word' id='word_1_79' title='bbox 898 1664 1062 1724; x_wconf 90' lang='lat' dir='ltr'>mirabilius</span> <span class='ocrx_word' id='word_1_80' title='bbox 1076 1665 1130 1722; x_wconf 90' lang='lat' dir='ltr'>illo</span> 
     </span>
     <span class='ocr_line' id='line_1_13' title="bbox 167 1757 1130 1834; baseline 0.001 -18"><span class='ocrx_word' id='word_1_81' title='bbox 167 1758 309 1833; x_wconf 87' lang='lat' dir='ltr'>judicatis</span> <span class='ocrx_word' id='word_1_82' title='bbox 317 1759 328 1816; x_wconf 82' lang='lat' dir='ltr'>t</span> <span class='ocrx_word' id='word_1_83' title='bbox 336 1759 352 1786; x_wconf 91' lang='lat'>’&#39;</span> <span class='ocrx_word' id='word_1_84' title='bbox 393 1757 435 1816; x_wconf 86' lang='lat' dir='ltr'>At</span> <span class='ocrx_word' id='word_1_85' title='bbox 445 1759 557 1831; x_wconf 86' lang='lat' dir='ltr'>tertius,</span> <span class='ocrx_word' id='word_1_86' title='bbox 569 1759 622 1834; x_wconf 91' lang='lat' dir='ltr'>qui</span> <span class='ocrx_word' id='word_1_87' title='bbox 635 1759 706 1816; x_wconf 92' lang='lat' dir='ltr'>haec</span> <span class='ocrx_word' id='word_1_88' title='bbox 718 1759 805 1817; x_wconf 90' lang='lat' dir='ltr'>tacite</span> <span class='ocrx_word' id='word_1_89' title='bbox 814 1759 974 1833; x_wconf 84' lang='lat' dir='ltr'>audiverat,</span> <span class='ocrx_word' id='word_1_90' title='bbox 988 1764 1006 1791; x_wconf 88' lang='lat'><strong>“</strong></span> <span class='ocrx_word' id='word_1_91' title='bbox 1015 1758 1130 1831; x_wconf 86' lang='lat' dir='ltr'>Certe,&#39;’</span> 
     </span>
     <span class='ocr_line' id='line_1_14' title="bbox 171 1852 1131 1929; baseline 0.001 -20"><span class='ocrx_word' id='word_1_92' title='bbox 171 1852 278 1929; x_wconf 90' lang='lat' dir='ltr'>inquit,</span> <span class='ocrx_word' id='word_1_93' title='bbox 296 1855 312 1884; x_wconf 78' lang='lat'>‘⁴</span> <span class='ocrx_word' id='word_1_94' title='bbox 322 1856 444 1928; x_wconf 89' lang='lat' dir='ltr'>uterque</span> <span class='ocrx_word' id='word_1_95' title='bbox 458 1857 589 1911; x_wconf 89' lang='lat' dir='ltr'>vestrum</span> <span class='ocrx_word' id='word_1_96' title='bbox 608 1871 670 1910; x_wconf 91' lang='lat' dir='ltr'>rem</span> <span class='ocrx_word' id='word_1_97' title='bbox 684 1852 846 1911; x_wconf 86' lang='lat' dir='ltr'>mirabilem</span> <span class='ocrx_word' id='word_1_98' title='bbox 861 1853 997 1924; x_wconf 84' lang='lat' dir='ltr'>narravit,</span> <span class='ocrx_word' id='word_1_99' title='bbox 1012 1871 1131 1929; x_wconf 87' lang='lat' dir='ltr'>panem-</span> 
     </span>
     <span class='ocr_line' id='line_1_15' title="bbox 172 1944 1126 2023; baseline 0.002 -20"><span class='ocrx_word' id='word_1_100' title='bbox 172 1964 228 2021; x_wconf 90' lang='lat' dir='ltr'>que</span> <span class='ocrx_word' id='word_1_101' title='bbox 243 1945 317 2003; x_wconf 90' lang='lat' dir='ltr'>bene</span> <span class='ocrx_word' id='word_1_102' title='bbox 333 1947 446 2003; x_wconf 89' lang='lat' dir='ltr'>meruit.</span> <span class='ocrx_word' id='word_1_103' title='bbox 491 1944 570 2003; x_wconf 90' lang='lat' dir='ltr'>Mihi</span> <span class='ocrx_word' id='word_1_104' title='bbox 592 1950 691 2005; x_wconf 87' lang='lat' dir='ltr'>temen</span> <span class='ocrx_word' id='word_1_105' title='bbox 711 1946 825 2023; x_wconf 89' lang='lat' dir='ltr'>aliquid</span> <span class='ocrx_word' id='word_1_106' title='bbox 841 1948 947 2006; x_wconf 91' lang='lat' dir='ltr'>mirum</span> <span class='ocrx_word' id='word_1_107' title='bbox 962 1948 1060 2005; x_wconf 86' lang='lat' dir='ltr'>visum</span> <span class='ocrx_word' id='word_1_108' title='bbox 1074 1953 1126 2005; x_wconf 90' lang='lat' dir='ltr'>est.</span> 
     </span>
     <span class='ocr_line' id='line_1_16' title="bbox 172 2038 1130 2119; baseline 0.004 -24"><span class='ocrx_word' id='word_1_109' title='bbox 172 2038 203 2095; x_wconf 89' lang='lat' dir='ltr'>N</span> <span class='ocrx_word' id='word_1_110' title='bbox 204 2058 251 2097; x_wconf 85' lang='lat' dir='ltr'>am</span> <span class='ocrx_word' id='word_1_111' title='bbox 271 2039 304 2096; x_wconf 89' lang='lat' dir='ltr'>in</span> <span class='ocrx_word' id='word_1_112' title='bbox 324 2057 427 2097; x_wconf 91' lang='lat' dir='ltr'>somno</span> <span class='ocrx_word' id='word_1_113' title='bbox 450 2039 496 2116; x_wconf 83' lang='lat' dir='ltr'>(ut</span> <span class='ocrx_word' id='word_1_114' title='bbox 516 2038 683 2119; x_wconf 87' lang='lat' dir='ltr'>videbatur)</span> <span class='ocrx_word' id='word_1_115' title='bbox 710 2040 870 2099; x_wconf 81' lang='lat' dir='ltr'>esuriebam</span> <span class='ocrx_word' id='word_1_116' title='bbox 880 2062 889 2115; x_wconf 82' lang='lat'>3</span> <span class='ocrx_word' id='word_1_117' title='bbox 913 2060 1018 2117; x_wconf 89' lang='lat' dir='ltr'>panem</span> <span class='ocrx_word' id='word_1_118' title='bbox 1038 2040 1130 2118; x_wconf 81' lang='lat' dir='ltr'>igitur</span> 
     </span>
     <span class='ocr_line' id='line_1_17' title="bbox 173 2132 335 2191; baseline 0 -1"><span class='ocrx_word' id='word_1_119' title='bbox 173 2132 335 2191; x_wconf 87' lang='lat' dir='ltr'>devoravi.”</span> 
     </span>
    </p>
   </div>
   <div class='ocr_carea' id='block_1_5' title="bbox 468 2404 832 2487">
    <p class='ocr_par' dir='ltr' id='par_1_5' title="bbox 468 2404 832 2487">
     <span class='ocr_line' id='line_1_18' title="bbox 468 2404 832 2487; baseline 0 -20"><span class='ocrx_word' id='word_1_120' title='bbox 468 2417 515 2484; x_wconf 83' lang='lat'>55.</span> <span class='ocrx_word' id='word_1_121' title='bbox 544 2405 575 2467; x_wconf 88' lang='lat' dir='ltr'><em>T</em></span> <span class='ocrx_word' id='word_1_122' title='bbox 571 2404 611 2467; x_wconf 78' lang='lat' dir='ltr'>lte</span> <span class='ocrx_word' id='word_1_123' title='bbox 624 2404 832 2487; x_wconf 79' lang='lat' dir='ltr'>Liglztlzouse.</span> 
     </span>
    </p>
   </div>
   <div class='ocr_carea' id='block_1_6' title="bbox 169 2591 1125 3324">
    <p class='ocr_par' dir='ltr' id='par_1_6' title="bbox 169 2591 1125 3324">
     <span class='ocr_line' id='line_1_19' title="bbox 213 2591 1123 2672; baseline 0.005 -23"><span class='ocrx_word' id='word_1_124' title='bbox 213 2593 251 2649; x_wconf 91' lang='lat' dir='ltr'>Iu</span> <span class='ocrx_word' id='word_1_125' title='bbox 266 2611 299 2650; x_wconf 92' lang='lat' dir='ltr'>ea</span> <span class='ocrx_word' id='word_1_126' title='bbox 312 2596 394 2667; x_wconf 87' lang='lat' dir='ltr'>parte</span> <span class='ocrx_word' id='word_1_127' title='bbox 414 2591 593 2665; x_wconf 82' lang='lat' dir='ltr'>Britanniae,</span> <span class='ocrx_word' id='word_1_128' title='bbox 609 2613 683 2670; x_wconf 90' lang='lat' dir='ltr'>quae</span> <span class='ocrx_word' id='word_1_129' title='bbox 703 2593 740 2651; x_wconf 91' lang='lat' dir='ltr'>ad</span> <span class='ocrx_word' id='word_1_130' title='bbox 761 2594 983 2670; x_wconf 89' lang='lat' dir='ltr'>septen-triones</span> <span class='ocrx_word' id='word_1_131' title='bbox 1004 2601 1123 2672; x_wconf 89' lang='lat' dir='ltr'>spectat,</span> 
     </span>
     <span class='ocr_line' id='line_1_20' title="bbox 171 2686 1125 2764; baseline 0.005 -21"><span class='ocrx_word' id='word_1_132' title='bbox 171 2686 243 2744; x_wconf 89' lang='lat' dir='ltr'>litus</span> <span class='ocrx_word' id='word_1_133' title='bbox 271 2686 402 2761; x_wconf 87' lang='lat' dir='ltr'>undique</span> <span class='ocrx_word' id='word_1_134' title='bbox 429 2687 553 2763; x_wconf 85' lang='lat' dir='ltr'>rupibus</span> <span class='ocrx_word' id='word_1_135' title='bbox 580 2686 745 2764; x_wconf 86' lang='lat' dir='ltr'>asperrimis</span> <span class='ocrx_word' id='word_1_136' title='bbox 779 2688 951 2746; x_wconf 86' lang='lat' dir='ltr'>continetur.</span> <span class='ocrx_word' id='word_1_137' title='bbox 1009 2688 1125 2749; x_wconf 90' lang='lat' dir='ltr'>Incolae</span> 
     </span>
     <span class='ocr_line' id='line_1_21' title="bbox 171 2779 1123 2856; baseline 0.004 -19"><span class='ocrx_word' id='word_1_138' title='bbox 171 2780 269 2855; x_wconf 86' lang='lat' dir='ltr'>igitur,</span> <span class='ocrx_word' id='word_1_139' title='bbox 284 2780 363 2855; x_wconf 88' lang='lat' dir='ltr'>quod</span> <span class='ocrx_word' id='word_1_140' title='bbox 377 2779 419 2838; x_wconf 93' lang='lat' dir='ltr'>ibi</span> <span class='ocrx_word' id='word_1_141' title='bbox 433 2782 544 2839; x_wconf 87' lang='lat' dir='ltr'>multae</span> <span class='ocrx_word' id='word_1_142' title='bbox 561 2800 650 2839; x_wconf 84' lang='lat' dir='ltr'>naves</span> <span class='ocrx_word' id='word_1_143' title='bbox 670 2780 852 2856; x_wconf 77' lang='lat' dir='ltr'>naufragium</span> <span class='ocrx_word' id='word_1_144' title='bbox 867 2781 1006 2855; x_wconf 83' lang='lat' dir='ltr'>fecemnt,</span> <span class='ocrx_word' id='word_1_145' title='bbox 1021 2784 1123 2841; x_wconf 91' lang='lat' dir='ltr'>turrim</span> 
     </span>
     <span class='ocr_line' id='line_1_22' title="bbox 171 2872 1122 2953; baseline 0.003 -22"><span class='ocrx_word' id='word_1_146' title='bbox 171 2872 350 2946; x_wconf 84' lang='lat' dir='ltr'>altissimam,</span> <span class='ocrx_word' id='word_1_147' title='bbox 379 2893 453 2949; x_wconf 91' lang='lat' dir='ltr'>quae</span> <span class='ocrx_word' id='word_1_148' title='bbox 487 2874 595 2950; x_wconf 89' lang='lat' dir='ltr'>pharus</span> <span class='ocrx_word' id='word_1_149' title='bbox 630 2875 800 2950; x_wconf 85' lang='lat' dir='ltr'>appellatur,</span> <span class='ocrx_word' id='word_1_150' title='bbox 830 2876 956 2952; x_wconf 75' lang='lat' dir='ltr'>quadam</span> <span class='ocrx_word' id='word_1_151' title='bbox 986 2876 1020 2933; x_wconf 91' lang='lat' dir='ltr'>in</span> <span class='ocrx_word' id='word_1_152' title='bbox 1053 2895 1122 2953; x_wconf 88' lang='lat' dir='ltr'>mpe</span> 
     </span>
     <span class='ocr_line' id='line_1_23' title="bbox 170 2966 1122 3028; baseline 0.004 -4"><span class='ocrx_word' id='word_1_153' title='bbox 170 2966 401 3027; x_wconf 84' lang='lat' dir='ltr'>aedificaverunt</span> <span class='ocrx_word' id='word_1_154' title='bbox 445 2967 532 3025; x_wconf 88' lang='lat' dir='ltr'>Hanc</span> <span class='ocrx_word' id='word_1_155' title='bbox 546 2968 650 3026; x_wconf 88' lang='lat' dir='ltr'>turrim</span> <span class='ocrx_word' id='word_1_156' title='bbox 664 2968 837 3027; x_wconf 88' lang='lat' dir='ltr'>habitabant</span> <span class='ocrx_word' id='word_1_157' title='bbox 850 2988 939 3027; x_wconf 86' lang='lat' dir='ltr'>senex</span> <span class='ocrx_word' id='word_1_158' title='bbox 953 2974 982 3027; x_wconf 94' lang='lat' dir='ltr'>et</span> <span class='ocrx_word' id='word_1_159' title='bbox 995 2969 1056 3028; x_wconf 86' lang='lat' dir='ltr'>filia</span> <span class='ocrx_word' id='word_1_160' title='bbox 1071 2989 1122 3028; x_wconf 89' lang='lat' dir='ltr'>sua</span> 
     </span>
     <span class='ocr_line' id='line_1_24' title="bbox 170 3060 1120 3137; baseline 0.005 -21"><span class='ocrx_word' id='word_1_161' title='bbox 170 3077 266 3135; x_wconf 86' lang='lat' dir='ltr'>parva,</span> <span class='ocrx_word' id='word_1_162' title='bbox 296 3061 347 3135; x_wconf 91' lang='lat' dir='ltr'>qui</span> <span class='ocrx_word' id='word_1_163' title='bbox 374 3065 464 3118; x_wconf 91' lang='lat' dir='ltr'>noctu</span> <span class='ocrx_word' id='word_1_164' title='bbox 491 3078 604 3136; x_wconf 88' lang='lat' dir='ltr'>semper</span> <span class='ocrx_word' id='word_1_165' title='bbox 632 3060 828 3119; x_wconf 86' lang='lat' dir='ltr'>incendebant</span> <span class='ocrx_word' id='word_1_166' title='bbox 854 3061 1010 3136; x_wconf 91' lang='lat' dir='ltr'>lucernam,</span> <span class='ocrx_word' id='word_1_167' title='bbox 1039 3063 1120 3137; x_wconf 75' lang='lat' dir='ltr'>cuius</span> 
     </span>
     <span class='ocr_line' id='line_1_25' title="bbox 169 3152 1120 3230; baseline 0.003 -19"><span class='ocrx_word' id='word_1_168' title='bbox 169 3152 270 3211; x_wconf 91' lang='lat' dir='ltr'>lumen</span> <span class='ocrx_word' id='word_1_169' title='bbox 294 3171 379 3229; x_wconf 87' lang='lat' dir='ltr'>saepe</span> <span class='ocrx_word' id='word_1_170' title='bbox 399 3158 503 3211; x_wconf 87' lang='lat' dir='ltr'>nautas</span> <span class='ocrx_word' id='word_1_171' title='bbox 524 3153 559 3211; x_wconf 88' lang='lat' dir='ltr'>de</span> <span class='ocrx_word' id='word_1_172' title='bbox 584 3153 712 3229; x_wconf 89' lang='lat' dir='ltr'>periculo</span> <span class='ocrx_word' id='word_1_173' title='bbox 733 3155 945 3230; x_wconf 80' lang='lat' dir='ltr'>praemonebat</span> <span class='ocrx_word' id='word_1_174' title='bbox 989 3156 1033 3213; x_wconf 90' lang='lat' dir='ltr'>At</span> <span class='ocrx_word' id='word_1_175' title='bbox 1052 3174 1120 3214; x_wconf 88' lang='lat' dir='ltr'>non·</span> 
     </span>
     <span class='ocr_line' id='line_1_26' title="bbox 169 3245 1119 3324; baseline 0.003 -20"><span class='ocrx_word' id='word_1_176' title='bbox 169 3263 320 3321; x_wconf 89' lang='lat' dir='ltr'>nunquam</span> <span class='ocrx_word' id='word_1_177' title='bbox 340 3245 386 3304; x_wconf 86' lang='lat' dir='ltr'>vis</span> <span class='ocrx_word' id='word_1_178' title='bbox 407 3247 588 3322; x_wconf 85' lang='lat' dir='ltr'>tempestatis</span> <span class='ocrx_word' id='word_1_179' title='bbox 608 3247 720 3306; x_wconf 88' lang='lat' dir='ltr'>labores</span> <span class='ocrx_word' id='word_1_180' title='bbox 739 3254 895 3306; x_wconf 91' lang='lat' dir='ltr'>nautarum</span> <span class='ocrx_word' id='word_1_181' title='bbox 916 3254 1076 3324; x_wconf 85' lang='lat' dir='ltr'>exsuperat,</span> <span class='ocrx_word' id='word_1_182' title='bbox 1091 3254 1119 3307; x_wconf 87' lang='lat' dir='ltr'>et</span> 
     </span>
    </p>
   </div>
   <div class='ocr_carea' id='block_1_7' title="bbox 168 3338 1117 3491">
    <p class='ocr_par' dir='ltr' id='par_1_7' title="bbox 168 3338 1117 3491">
     <span class='ocr_line' id='line_1_27' title="bbox 168 3338 1117 3419; baseline 0.005 -23"><span class='ocrx_word' id='word_1_183' title='bbox 168 3340 254 3398; x_wconf 86' lang='lat' dir='ltr'>navis</span> <span class='ocrx_word' id='word_1_184' title='bbox 273 3338 379 3397; x_wconf 84' lang='lat' dir='ltr'>infelix</span> <span class='ocrx_word' id='word_1_185' title='bbox 400 3344 451 3397; x_wconf 91' lang='lat' dir='ltr'>aut</span> <span class='ocrx_word' id='word_1_186' title='bbox 471 3339 527 3399; x_wconf 87' lang='lat' dir='ltr'>sub</span> <span class='ocrx_word' id='word_1_187' title='bbox 542 3340 635 3399; x_wconf 67' lang='lat' dir='ltr'>,undis</span> <span class='ocrx_word' id='word_1_188' title='bbox 655 3358 687 3399; x_wconf 87' lang='lat' dir='ltr'>se</span> <span class='ocrx_word' id='word_1_189' title='bbox 706 3342 820 3418; x_wconf 81' lang='lat' dir='ltr'>mergit,</span> <span class='ocrx_word' id='word_1_190' title='bbox 841 3346 893 3400; x_wconf 90' lang='lat' dir='ltr'>aut</span> <span class='ocrx_word' id='word_1_191' title='bbox 913 3342 1040 3419; x_wconf 89' lang='lat' dir='ltr'>scopulis</span> <span class='ocrx_word' id='word_1_192' title='bbox 1060 3362 1117 3401; x_wconf 89' lang='lat' dir='ltr'>cru·</span> 
     </span>
     <span class='ocr_line' id='line_1_28' title="bbox 168 3430 457 3491; baseline 0.003 -1"><span class='ocrx_word' id='word_1_193' title='bbox 168 3431 282 3490; x_wconf 88' lang='lat' dir='ltr'>delibus</span> <span class='ocrx_word' id='word_1_194' title='bbox 296 3430 457 3491; x_wconf 87' lang='lat' dir='ltr'>afflictatur.</span> 
     </span>
    </p>
   </div>
   <div class='ocr_carea' id='block_1_8' title="bbox 0 0 1218 3850">
    <p class='ocr_par' dir='ltr' id='par_1_8' title="bbox 0 0 1218 3850">
     <span class='ocr_line' id='line_1_29' title="bbox 0 0 1218 3850; baseline 0 4"><span class='ocrx_word' id='word_1_195' title='bbox 0 0 1218 3850; x_wconf 95' lang='lat' dir='ltr'> </span> 
     </span>
    </p>
   </div>
  </div>
 </body>
</html>
