2425 3850
454 220 729 290 translatione.

304 533 355 612 56.
383 533 414 595 T
410 531 450 596 lte
463 531 663 616 Lz'glztlzouse
678 529 886 615 (continued).

154 684 287 743 Fuerunt
295 686 366 744 olim
375 684 484 744 multos
495 686 557 744 dies
566 686 722 744 continuae
732 689 919 761 tempestates
924 706 934 759 ;
950 672 1069 742 tandem

110 779 176 836 dies
190 780 366 855 tranquillus
379 780 515 838 succedit
558 779 580 838 J
581 799 695 855 amque
708 778 810 855 procul
824 779 924 837 eturri
937 777 1071 836 custodes

110 894 248 951 magnam
268 877 415 952 aspiciunt
435 895 547 950 navem,
564 895 638 952 quae
659 876 692 933 in
712 876 839 952 scopulis
859 874 976 949 haeret3
1001 894 1071 933 mox

110 969 201 1028 etiam
228 989 335 1046 paucos
362 970 466 1028 vident
493 975 605 1043 nautas,
633 970 684 1045 qui
713 970 848 1028 manibus
875 970 959 1046 signa
986 971 1068 1041 dant,

109 1063 322 1139 auxilium-que
349 1069 461 1140 petunt
519 1063 595 1121 Tum
622 1065 705 1139 virgo
735 1064 867 1121 animosa
894 1082 961 1121 cum
989 1069 1070 1139 patre

109 1177 232 1234 parvam
246 1177 275 1215 se
313 1157 383 1216 ham
404 1157 531 1229 deducit,
548 1164 578 1215 et
591 1159 679 1216 remis
698 1158 841 1232 velisque
861 1177 966 1216 navem
982 1157 1069 1215 ambo

109 1257 226 1327 petunt.
301 1250 411 1327 ndique
436 1253 569 1328 ingentes
593 1251 700 1309 fluctus
724 1251 889 1327 surgebant,
914 1251 967 1309 vix
991 1251 1070 1309 enim

109 1348 273 1403 cessaverat
299 1346 443 1421 procella3
471 1345 554 1403 nullo
575 1350 674 1403 tamen
698 1345 827 1421 periculo
847 1344 894 1402 illi
914 1349 1068 1416 terrentur,

109 1437 163 1496 aad
184 1457 200 1496 e
220 1443 313 1497 morte
333 1447 438 1498 nautas
459 1440 597 1514 eripiunt,
618 1457 785 1515 omnesque
806 1443 887 1496 tutos
907 1438 945 1496 ad
965 1439 1068 1495 turrim

109 1535 269 1609 reportant

455 1907 502 1975 57.
526 1894 618 1959 Irislz
636 1896 734 1961 Stena.

153 2080 192 2138 In
206 2079 350 2137 Hibernia
364 2083 426 2138 erat
439 2078 510 2137 olim
524 2098 629 2155 magna
641 2080 741 2151 fames,
757 2098 831 2155 quae
844 2079 955 2137 incolas
968 2098 1067 2137 earum

109 2172 263 2249 regionum
282 2172 315 2230 in
335 2171 428 2231 diram
449 2172 579 2248 inopiam
599 2172 749 2247 redigebat
759 2192 768 2245 3
791 2171 880 2230 multi
904 2173 992 2230 etiam
1016 2191 1068 2248 spe

109 2266 234 2341 praedae
255 2264 293 2323 ad
313 2264 448 2336 latrones,
464 2265 517 2340 qui
536 2265 626 2323 silvas
646 2264 827 2323 infestabant
844 2283 875 2322 se
890 2264 1063 2339 jungebant.

110 2360 199 2417 Forte
213 2364 272 2417 tres
285 2359 412 2417 latrones
427 2360 539 2435 vesperi
553 2378 649 2417 casam
668 2360 805 2435 pauperis
824 2358 965 2434 agricolae
978 2360 1068 2417 iutra·

109 2457 226 2525 verunt,
251 2453 408 2529 minisque
431 2454 526 2512 saevis
549 2453 649 2511 cibum
673 2452 868 2529 postulabant
912 2452 944 2510 Is
968 2453 1066 2527 igitur,

109 2547 159 2604 oui
183 2546 260 2604 nihil
284 2545 344 2604 cibi
368 2548 488 2606 omniuo
511 2553 668 2623 supererat,
690 2545 743 2603 diu
767 2546 922 2621 haerebat3
947 2546 1066 2604 tandem

109 2638 250 2698 callidum
264 2638 319 2697 hoe
330 2639 484 2699 consilium
496 2640 630 2715 concipit
667 2639 714 2697 Ex
729 2642 794 2697 arca'a
804 2638 927 2714 quadam
939 2637 1068 2697 detrahit

109 2733 234 2811 pallium
248 2732 492 2809 antiquissimum,
508 2733 587 2808 quod
601 2737 631 2791 et
644 2738 726 2809 pater
739 2738 769 2791 et
782 2751 856 2791 avus
869 2734 974 2791 diebus
984 2734 1068 2791 sestis

108 2828 257 2904 gerebant
300 2827 365 2885 Hoc
379 2827 432 2885 ubi
452 2829 484 2885 in
505 2827 599 2885 frusta
617 2827 711 2885 cultro
732 2827 878 2898 diviserat,
893 2845 1066 2903 aquam-que

109 2921 270 2993 addiderat,
280 2940 360 2979 more
369 2921 446 2996 juris
457 2921 545 2993 coxit,
558 2921 715 2997 dapesque
725 2921 797 2980 viris
806 2920 920 2996 jejunis
933 2921 1064 2997 apponit

110 3015 154 3073 Hi
178 3015 264 3074 avide
288 3015 387 3073 cibum
412 3016 561 3087 devorant,
587 3014 809 3090 agricolamque
835 3014 964 3075 laudant
1023 3014 1067 3071 At

109 3109 208 3168 subito
232 3108 345 3184 aliquid
368 3108 401 3166 in
424 3108 559 3190 faucibus
582 3110 672 3166 unius
696 3127 733 3166 ex
756 3108 920 3166 latronibus
946 3108 1065 3181 haeret3

108 3206 230 3279 ingente
251 3203 324 3260 tussi
338 3208 462 3261 aeratam
478 3201 600 3260 fibulam
613 3203 732 3279 respuit.
777 3202 885 3276 “Quid
905 3206 950 3259 est
970 3200 1065 3259 hoel’'

108 3298 216 3373 inquit.
261 3299 279 3328 “
288 3296 320 3354 N
321 3295 430 3372 empe‚''
451 3296 602 3371 respondit
622 3296 754 3373 agricola,
771 3299 790 3328 “
800 3296 839 3368 id,
862 3294 942 3371 quod
969 3294 1064 3353 solum

109 3395 240 3468 superest
254 3390 291 3448 de
305 3390 395 3467 pallio
409 3390 547 3467 egregi0.''
