2425 3850
425 260 704 328 hamletions.

244 481 369 563 107.A
387 479 495 544 Hord
505 478 658 560 Bargain
674 475 884 560 (continued).

123 601 202 660 Inde
223 621 342 678 pauper,
354 600 446 677 justis
466 597 643 657 funebribus
663 597 843 674 perfunctus,
859 595 938 673 quod
952 594 1041 654 fidem

83 696 185 754 datam
197 694 307 754 violare
320 694 428 767 noluit,
444 712 495 770 per
508 692 581 766 duas
595 698 697 749 noctes
717 690 882 767 sepulcrum
901 689 1041 766 agricolae

82 788 276 849 custodiebat
328 788 428 847 Tertii
450 793 552 846 tamen
579 790 665 843 nocte
694 784 776 842 Mors
804 785 869 861 ipsa
896 784 1040 861 apparuit,

83 883 203 942 funebri
216 888 298 941 veste
311 882 427 955 induta
436 887 467 940 et
476 899 581 956 corpus
591 879 650 937 sibi
663 879 739 936 tradi
750 879 847 954 jussit
890 877 923 935 Is
933 883 1040 951 autem,

83 979 141 1037 etei
161 979 262 1054 capilli
282 997 351 1055 prae
372 983 454 1036 metu
473 976 658 1046 horruerunt,
680 975 815 1052 promissi
838 994 900 1032 non
920 974 1039 1047 oblitus,

83 1071 215 1131 Mortem
226 1073 270 1130 ita
283 1072 428 1130 allocutus
446 1075 499 1130 est.
544 1073 563 1101 “
573 1069 728 1145 Equidem,
744 1069 835 1140 Mors,
849 1069 905 1126 hoc
919 1068 1041 1128 cadaver

82 1167 141 1224 trbi
155 1167 311 1225 concedam
324 1188 332 1237 ;
351 1171 452 1242 repeto
462 1170 561 1223 tamen
575 1183 628 1240 pro
641 1163 695 1220 tuli
709 1182 828 1221 munere
836 1168 951 1220 tantum
966 1163 1039 1235 auri,

81 1265 228 1337 quantum
242 1279 280 1318 ex
292 1260 366 1318 meis
384 1259 536 1317 cothurnis
555 1257 680 1316 alterum
701 1256 916 1333 compleverit.''
958 1257 1040 1315 Mors

80 1373 144 1412 nou
172 1354 286 1430 respuit
313 1353 521 1411 conditionem.
586 1349 662 1409 Inde
689 1350 761 1409 dum
788 1350 859 1408 haec
886 1351 1040 1427 pecuniam

80 1447 210 1521 arcessit,
224 1447 276 1506 ille
290 1446 386 1506 cultro
398 1447 493 1505 imum
511 1445 688 1505 cothurnum
709 1445 843 1520 perforat.
886 1443 977 1501 Haud
996 1443 1040 1501 ita

80 1541 179 1600 multo
206 1545 282 1617 post,
311 1540 393 1599 Mors
420 1559 554 1616 regressa,
583 1558 771 1597 nummorum
798 1557 922 1609 saccum,
951 1556 1039 1613 quem

79 1636 252 1712 reportavit,
267 1636 300 1692 in
314 1634 491 1693 cothurnum
505 1633 616 1693 effudit
660 1632 769 1690 Mirata
782 1631 862 1708 quod
878 1631 1038 1690 cothurnus

78 1728 215 1787 nondum
239 1728 402 1803 completus
422 1732 476 1798 est,
498 1726 624 1785 alterum
644 1745 759 1783 saccum
783 1725 878 1802 priore
898 1727 1038 1801 majorem

78 1822 239 1880 musivis
282 1820 413 1878 Tandem
427 1825 583 1898 postquam
599 1838 638 1877 ne
658 1818 707 1876 hic
721 1819 841 1895 quidem
861 1819 1038 1878 cothurnum

78 1914 225 1992 complere
237 1914 340 1987 valuit,
355 1913 428 1972 dum
444 1915 564 1973 tertium
578 1933 695 1972 saccum
708 1914 835 1987 arcessit,
851 1913 912 1973 sole
926 1913 1038 1973 oriente

79 2017 212 2086 excepta
227 2008 387 2067 necessario
400 2010 500 2084 fugere
514 2013 613 2066 coacta
627 2012 679 2068 est.

318 2172 387 2235 108.
420 2169 502 2235 Woo
515 2169 620 2234 killed
630 2169 683 2234 the
700 2169 808 2237 Cock?

120 2290 208 2350 Anus
235 2292 385 2368 quaedam,
413 2310 488 2368 quae
513 2290 596 2350 haud
623 2290 725 2368 procul
751 2291 877 2349 Tarento
903 2290 941 2349 ab
965 2289 1038 2349 urbe

76 2385 234 2459 habitavit,
251 2404 319 2443 suas
333 2385 455 2442 ancillas
467 2383 506 2442 ad
525 2384 597 2460 galli
614 2392 733 2442 cantum
753 2404 770 2442 e
790 2403 892 2442 somno
913 2383 1039 2442 excitare

77 2479 201 2538 solebat
244 2478 311 2536 Hae
324 2478 416 2554 igitur
429 2478 510 2553 quod
523 2497 540 2536 e
553 2479 649 2555 primia
661 2478 727 2536 luce
740 2496 834 2553 usque
854 2477 892 2535 ad
906 2497 1038 2535 occasum

77 2572 150 2631 solis
177 2571 307 2631 laborem
334 2572 479 2631 sustinere
507 2576 622 2630 coactae
649 2576 727 2645 sunt,
757 2571 869 2648 gallum
895 2571 1038 2630 malorum

78 2685 196 2724 cauam
220 2666 351 2724 occidere
375 2666 599 2724 constituerunt.
643 2664 765 2723 Postero
788 2664 879 2741 igitur
905 2666 954 2723 die
982 2664 1038 2723 sub

77 2778 243 2835 vesperum,
265 2758 336 2816 dum
357 2757 448 2816 altera
471 2759 560 2835 pedes
581 2758 654 2835 galli
677 2762 800 2835 utrique
820 2778 910 2817 manu
931 2760 1038 2817 retinet

77 2858 219 2924 aversata,
245 2851 345 2923 altera,
370 2872 444 2927 quae
471 2852 571 2929 paullo
599 2852 736 2911 audacior
763 2853 830 2925 fuit,
858 2859 948 2929 caput
974 2854 1038 2913 avis

77 2945 208 3004 infelicis
221 2946 314 3004 securi
328 2946 477 3021 percussit
521 2932 560 3005 Id
574 2952 673 3005 tamen
686 2946 773 3023 longe
791 2946 876 3005 aliter
892 2948 990 3006 evenit
1004 2967 1037 3007 ac

77 3038 233 3115 putabant
276 3039 438 3115 Postquam
458 3040 536 3098 euim
557 3040 652 3117 gallus
672 3040 845 3099 interiectus
866 3048 936 3116 erat,
953 3062 1036 3115 anus,

78 3152 154 3209 quae
164 3131 203 3190 ad
216 3132 249 3190 id
262 3139 380 3210 tempus
390 3139 509 3191 cantum
521 3134 585 3209 ejus
596 3134 743 3211 patienter
753 3141 905 3211 expectare
914 3136 1036 3208 colebat,

77 3224 210 3296 aucillae,
221 3244 301 3283 nunc
315 3225 413 3284 media
425 3231 521 3298 nocte,
533 3246 612 3285 nunc
626 3227 721 3304 primi
730 3227 803 3301 luce,
816 3248 928 3305 semper
938 3234 1038 3287 tamen

77 3320 222 3377 maturius
235 3339 323 3396 quam
337 3325 464 3393 antea‚e
481 3339 584 3379 somno
598 3322 746 3381 excitavit.
789 3323 925 3381 Ancillae
938 3323 1036 3399 igitur,

78 3432 154 3489 quse
173 3413 217 3471 ita
236 3432 268 3472 se
284 3413 457 3489 fefellerant,
479 3434 532 3494 pro
552 3419 636 3475 tauto
657 3414 786 3475 facinore
806 3417 909 3493 dignas
928 3436 1037 3493 poenas

77 3506 291 3585 persolverunt
