2425 3850
510 245 789 314 Translations.

363 655 509 719 POEOEs
530 657 613 717 FOR
633 657 939 719 TRANSLATION.

396 842 464 889 121.
492 824 559 888 Tae
582 823 778 905 Wondcrsul
788 787 913 890 island

214 974 361 1032 Mercator
373 973 503 1050 quidam,
519 973 639 1033 nomine
653 973 755 1050 Sinon,
771 975 852 1051 quod
866 993 934 1034 eum
954 975 1089 1035 cessandi
1103 980 1133 1035 et

174 1072 253 1131 nihil
279 1072 388 1148 agendi
420 1072 526 1150 piguit,
555 1070 684 1148 pericula
711 1072 799 1130 maris
827 1076 939 1132 tentare
967 1072 1130 1132 constituit

174 1165 254 1224 Navi
288 1166 379 1242 igitur
405 1155 444 1223 ad
478 1164 570 1223 Indos
597 1169 708 1238 vectus,
738 1166 841 1242 primo,
871 1166 952 1243 quod
985 1165 1131 1243 procellae

173 1260 280 1318 fluctus
293 1258 452 1336 agitabant,
466 1258 549 1335 gravi
563 1262 671 1317 nausea
685 1277 847 1335 oppressus,
863 1265 987 1318 mortem
1005 1261 1128 1337 optavit

173 1354 248 1413 Mox
275 1360 382 1428 autem,
411 1352 465 1411 ubi
498 1352 545 1411 vis
575 1353 758 1428 tempestatis
785 1354 964 1426 mitescebat,
994 1354 1130 1414 morbum

172 1447 297 1525 depulit
340 1447 446 1506 Paucis
466 1451 534 1522 post
554 1445 666 1520 diebus,
683 1445 755 1504 dum
775 1453 875 1523 aperto
896 1447 969 1506 mari
990 1447 1093 1525 procul
1113 1468 1131 1507 a

173 1553 259 1622 portu
273 1546 436 1622 navigetur,
452 1562 572 1620 parvam
585 1543 723 1616 insulam,
738 1543 821 1621 nigro
836 1545 937 1618 colore,
952 1545 1034 1604 haud
1055 1546 1130 1605 mul-

172 1647 337 1716 tumveuper
350 1657 456 1715 aquam
469 1637 656 1710 eminentem,
667 1641 773 1696 nautae
784 1637 895 1696 vident
938 1637 1014 1696 Turn
1028 1657 1129 1698 omnes

172 1753 188 1792 e
212 1752 288 1791 neve
312 1732 425 1808 egressi,
447 1730 505 1788 huc
533 1729 605 1788 illuc
629 1748 681 1805 per
702 1735 794 1788 totam
818 1729 945 1790 insulam
965 1738 1129 1808 vagantur3

172 1826 292 1885 tandem
313 1825 411 1901 ignem
431 1822 586 1882 accendere
599 1822 754 1900 incipiunt
799 1821 905 1882 Subito
917 1825 982 1884 'sub
1002 1826 1129 1902 pedibus

172 1920 236 1979 diro
256 1919 355 1978 sonitu
376 1916 474 1977 insula
494 1916 615 1976 evannit
635 1915 669 1974 in
689 1916 792 1990 undas,
815 1937 983 1995 omnesque
1011 1920 1043 1979 in
1063 1939 1128 1997 gur-

171 2014 262 2090 gitem
295 2011 395 2084 hausti
422 2014 499 2069 sunt.
556 2005 726 2068 Monetium
754 2004 835 2069 enim
867 2012 1023 2086 marinum,
1052 2032 1127 2089 quae

171 2106 270 2165 nautis
293 2104 391 2164 insula
414 2104 452 2161 ob
476 2102 712 2179 magnitudinem
736 2103 800 2163 visa
823 2108 910 2178 este
933 2124 1034 2164 somno
1059 2107 1127 2183 igne

171 2200 340 2273 excitatum,
355 2198 387 2256 in
408 2216 486 2255 mare
511 2215 542 2255 se
562 2196 670 2256 mersit.
715 2196 780 2271 Quo
804 2216 873 2257 casu
896 2216 998 2258 omnes
1021 2204 1127 2259 nautae

170 2294 338 2370 perierunt;
365 2290 459 2351 Sinon
482 2294 589 2364 antem,
617 2294 722 2366 magna
749 2296 900 2351 sustentus
924 2292 1014 2367 trabe,
1038 2312 1127 2371 quam
1193 2358 1194 2365 χ

172 2389 247 2446 forte
267 2386 306 2446 ad
325 2386 424 2463 ignem
445 2384 565 2457 ferebat,
579 2382 710 2443 natando
730 2384 768 2444 ad
789 2389 894 2444 terram
914 2385 1046 2463 ignotam
1066 2406 1127 2464 per·

171 2482 262 2542 venit.

402 2742 472 2790 122.
500 2725 532 2789 T
529 2724 568 2788 lte
582 2723 758 2789 Dromond
776 2724 915 2809 Valley.·

211 2894 306 2956 Sinon
326 2891 447 2971 quidem
469 2894 567 2950 totum
586 2888 667 2949 diem
690 2909 743 2968 per
769 2890 833 2950 loca
856 2889 970 2951 deserta
990 2896 1122 2970 vagatus,

169 2989 251 3050 omni
264 3007 315 3066 spe
328 2984 585 3061 aditaedejeetua
599 2988 651 3043 eat.
693 2984 737 3043 At
756 2989 854 3059 noctu,
869 2983 942 3045 dum
955 2985 1070 3061 dormit,
1086 2987 1124 3047 ad

169 3083 276 3143 vallem
290 3075 442 3141 altissimis
454 3077 606 3137 montibus
619 3077 807 3137 interclusam
820 3078 934 3155 ingenti
947 3098 1002 3140 ave
1023 3084 1124 3158 raptus

168 3182 220 3237 eet.
263 3174 329 3235 Tali
349 3170 490 3232 miraculo
513 3170 658 3231 attonitus
680 3176 795 3248 postero
823 3170 872 3231 die
894 3171 1008 3250 aliquid
1035 3174 1123 3235 etiam

167 3267 332 3330 mirabilius
359 3264 453 3338 vidit3
481 3267 544 3323 tota
571 3262 651 3321 enim
678 3261 765 3323 vallia
792 3264 915 3341 gemmis
942 3269 1043 3325 ornata
1070 3272 1121 3328 est

166 3362 285 3425 Incolae
298 3361 389 3438 hujus
403 3364 495 3418 terreo
513 3356 593 3436 qnod
607 3356 640 3417 in
653 3356 760 3417 vellem
775 3357 914 3419 descendi
936 3377 998 3423 non
1017 3365 1122 3437 potest,

166 3474 294 3517 oenomao
307 3455 351 3514 ita
364 3450 497 3531 colligere
510 3450 614 3512 solent
658 3448 787 3512 Summis
798 3451 836 3512 de
846 3452 997 3514 montibus
1008 3472 1123 3517 carnem
