<?xml version="1.0" encoding="UTF-8"?>
<!DOCTYPE html PUBLIC "-//W3C//DTD XHTML 1.0 Transitional//EN"
    "http://www.w3.org/TR/xhtml1/DTD/xhtml1-transitional.dtd">
<html xmlns="http://www.w3.org/1999/xhtml" xml:lang="en" lang="en">
 <head>
  <title>
</title>
<meta http-equiv="Content-Type" content="text/html;charset=utf-8" />
  <meta name='ocr-system' content='tesseract 3.04.00' />
  <meta name='ocr-capabilities' content='ocr_page ocr_carea ocr_par ocr_line ocrx_word'/>
</head>
<body>
  <div class='ocr_page' id='page_1' title='image "./gradatim01kinggoog/gradatim01kinggoog_0038.png"; bbox 0 0 2425 3850; ppageno 0'>
   <div class='ocr_carea' id='block_1_1' title="bbox 506 232 786 302">
    <p class='ocr_par' dir='ltr' id='par_1_1' title="bbox 506 232 786 302">
     <span class='ocr_line' id='line_1_1' title="bbox 506 232 786 302; baseline 0.004 -2"><span class='ocrx_word' id='word_1_1' title='bbox 506 232 786 302; x_wconf 81' lang='lat' dir='ltr'><strong>Transletions.</strong></span> 
     </span>
    </p>
   </div>
   <div class='ocr_carea' id='block_1_2' title="bbox 375 487 928 573">
    <p class='ocr_par' dir='ltr' id='par_1_2' title="bbox 375 487 928 573">
     <span class='ocr_line' id='line_1_2' title="bbox 375 487 928 573; baseline 0.002 -20"><span class='ocrx_word' id='word_1_2' title='bbox 375 506 425 571; x_wconf 83' lang='lat'><strong>34</strong></span> <span class='ocrx_word' id='word_1_3' title='bbox 452 487 519 553; x_wconf 78' lang='lat' dir='ltr'><strong>Tne</strong></span> <span class='ocrx_word' id='word_1_4' title='bbox 534 488 713 554; x_wconf 83' lang='lat' dir='ltr'><strong>Standard</strong></span> <span class='ocrx_word' id='word_1_5' title='bbox 725 488 928 573; x_wconf 77' lang='lat' dir='ltr'><em>(continued).</em></span> 
     </span>
    </p>
   </div>
   <div class='ocr_carea' id='block_1_3' title="bbox 168 621 1132 1547">
    <p class='ocr_par' dir='ltr' id='par_1_3' title="bbox 168 621 1132 1547">
     <span class='ocr_line' id='line_1_3' title="bbox 210 621 1132 702; baseline 0.001 -19"><span class='ocrx_word' id='word_1_6' title='bbox 210 621 282 683; x_wconf 85' lang='lat' dir='ltr'><strong>Nox</strong></span> <span class='ocrx_word' id='word_1_7' title='bbox 296 629 357 684; x_wconf 89' lang='lat' dir='ltr'><strong>crat</strong></span> <span class='ocrx_word' id='word_1_8' title='bbox 370 629 400 684; x_wconf 87' lang='lat' dir='ltr'><strong>et</strong></span> <span class='ocrx_word' id='word_1_9' title='bbox 413 625 485 684; x_wconf 89' lang='lat' dir='ltr'><strong>luna</strong></span> <span class='ocrx_word' id='word_1_10' title='bbox 498 629 598 684; x_wconf 70' lang='lat' dir='ltr'><strong>sereno</strong></span> <span class='ocrx_word' id='word_1_11' title='bbox 614 623 747 701; x_wconf 76' lang='lat' dir='ltr'><strong>fulgebat</strong></span> <span class='ocrx_word' id='word_1_12' title='bbox 760 625 847 687; x_wconf 88' lang='lat' dir='ltr'><strong>caelo.</strong></span> <span class='ocrx_word' id='word_1_13' title='bbox 889 626 953 685; x_wconf 90' lang='lat' dir='ltr'><strong>Diu</strong></span> <span class='ocrx_word' id='word_1_14' title='bbox 963 630 993 684; x_wconf 91' lang='lat' dir='ltr'><strong>et</strong></span> <span class='ocrx_word' id='word_1_15' title='bbox 1003 624 1132 702; x_wconf 81' lang='lat' dir='ltr'><strong>vigilan·</strong></span> 
     </span>
     <span class='ocr_line' id='line_1_4' title="bbox 169 717 1130 780; baseline 0.001 -4"><span class='ocrx_word' id='word_1_16' title='bbox 169 721 215 776; x_wconf 86' lang='lat' dir='ltr'><strong>ter</strong></span> <span class='ocrx_word' id='word_1_17' title='bbox 228 717 379 777; x_wconf 81' lang='lat' dir='ltr'><strong>Gennetus</strong></span> <span class='ocrx_word' id='word_1_18' title='bbox 388 717 485 778; x_wconf 89' lang='lat' dir='ltr'><strong>locum</strong></span> <span class='ocrx_word' id='word_1_19' title='bbox 496 721 685 780; x_wconf 76' lang='lat' dir='ltr'><strong>custodiebat.</strong></span> <span class='ocrx_word' id='word_1_20' title='bbox 728 719 771 778; x_wconf 81' lang='lat' dir='ltr'><strong>At</strong></span> <span class='ocrx_word' id='word_1_21' title='bbox 781 719 880 778; x_wconf 84' lang='lat' dir='ltr'><strong>subito</strong></span> <span class='ocrx_word' id='word_1_22' title='bbox 893 720 974 779; x_wconf 88' lang='lat' dir='ltr'><strong>cauis</strong></span> <span class='ocrx_word' id='word_1_23' title='bbox 986 719 1130 778; x_wconf 84' lang='lat' dir='ltr'><strong>latratum</strong></span> 
     </span>
     <span class='ocr_line' id='line_1_5' title="bbox 170 811 1131 892; baseline 0.001 -22"><span class='ocrx_word' id='word_1_24' title='bbox 170 811 240 872; x_wconf 79' lang='lat' dir='ltr'><strong>edit.</strong></span> <span class='ocrx_word' id='word_1_25' title='bbox 282 811 351 871; x_wconf 86' lang='lat' dir='ltr'><strong>Jam</strong></span> <span class='ocrx_word' id='word_1_26' title='bbox 375 813 439 891; x_wconf 90' lang='lat' dir='ltr'><strong>ipse</strong></span> <span class='ocrx_word' id='word_1_27' title='bbox 461 814 545 875; x_wconf 87' lang='lat' dir='ltr'><strong>audit</strong></span> <span class='ocrx_word' id='word_1_28' title='bbox 568 816 667 875; x_wconf 88' lang='lat' dir='ltr'><strong>lenem</strong></span> <span class='ocrx_word' id='word_1_29' title='bbox 695 814 831 873; x_wconf 88' lang='lat' dir='ltr'><strong>sonitum</strong></span> <span class='ocrx_word' id='word_1_30' title='bbox 876 813 984 874; x_wconf 85' lang='lat' dir='ltr'><strong>Statim</strong></span> <span class='ocrx_word' id='word_1_31' title='bbox 1007 815 1131 892; x_wconf 81' lang='lat' dir='ltr'><strong>stringit</strong></span> 
     </span>
     <span class='ocr_line' id='line_1_6' title="bbox 168 908 1130 987; baseline 0.003 -21"><span class='ocrx_word' id='word_1_32' title='bbox 168 908 307 985; x_wconf 76' lang='lat' dir='ltr'><strong>gladium</strong></span> <span class='ocrx_word' id='word_1_33' title='bbox 350 909 394 969; x_wconf 83' lang='lat' dir='ltr'><strong>At</strong></span> <span class='ocrx_word' id='word_1_34' title='bbox 420 929 481 969; x_wconf 85' lang='lat' dir='ltr'><strong>vox</strong></span> <span class='ocrx_word' id='word_1_35' title='bbox 514 916 593 986; x_wconf 79' lang='lat' dir='ltr'><strong>abta,</strong></span> <span class='ocrx_word' id='word_1_36' title='bbox 630 909 809 987; x_wconf 70' lang='lat' dir='ltr'><strong>“Depone&#39;&#39;</strong></span> <span class='ocrx_word' id='word_1_37' title='bbox 842 911 949 987; x_wconf 89' lang='lat' dir='ltr'><strong>inquit,</strong></span> <span class='ocrx_word' id='word_1_38' title='bbox 988 914 1006 944; x_wconf 83' lang='lat'><strong>‘⁴</strong></span> <span class='ocrx_word' id='word_1_39' title='bbox 1014 911 1110 969; x_wconf 88' lang='lat' dir='ltr'><strong>telum</strong></span> <span class='ocrx_word' id='word_1_40' title='bbox 1121 930 1130 984; x_wconf 99' lang='lat'>3</span> 
     </span>
     <span class='ocr_line' id='line_1_7' title="bbox 171 1004 1130 1084; baseline 0 -20"><span class='ocrx_word' id='word_1_41' title='bbox 171 1004 283 1064; x_wconf 82' lang='lat' dir='ltr'><strong>Cloelia</strong></span> <span class='ocrx_word' id='word_1_42' title='bbox 295 1008 348 1063; x_wconf 86' lang='lat' dir='ltr'><strong>tua</strong></span> <span class='ocrx_word' id='word_1_43' title='bbox 361 1023 467 1083; x_wconf 89' lang='lat' dir='ltr'><strong>sponsa</strong></span> <span class='ocrx_word' id='word_1_44' title='bbox 481 1004 560 1065; x_wconf 90' lang='lat' dir='ltr'><strong>baud</strong></span> <span class='ocrx_word' id='word_1_45' title='bbox 574 1005 727 1084; x_wconf 84' lang='lat' dir='ltr'><strong>proculab</strong></span> <span class='ocrx_word' id='word_1_46' title='bbox 748 1005 803 1064; x_wconf 92' lang='lat' dir='ltr'><strong>hoc</strong></span> <span class='ocrx_word' id='word_1_47' title='bbox 823 1004 887 1064; x_wconf 91' lang='lat' dir='ltr'><strong>loco</strong></span> <span class='ocrx_word' id='word_1_48' title='bbox 908 1011 938 1064; x_wconf 88' lang='lat' dir='ltr'><strong>te</strong></span> <span class='ocrx_word' id='word_1_49' title='bbox 958 1010 1130 1083; x_wconf 88' lang='lat' dir='ltr'><strong>exspectat3</strong></span> 
     </span>
     <span class='ocr_line' id='line_1_8' title="bbox 170 1097 1129 1176; baseline 0.002 -20"><span class='ocrx_word' id='word_1_50' title='bbox 170 1097 240 1156; x_wconf 69' lang='lat' dir='ltr'><strong>veui</strong></span> <span class='ocrx_word' id='word_1_51' title='bbox 252 1098 343 1174; x_wconf 81' lang='lat' dir='ltr'><strong>igitur</strong></span> <span class='ocrx_word' id='word_1_52' title='bbox 355 1116 469 1176; x_wconf 80' lang='lat' dir='ltr'><strong>mecum</strong></span> <span class='ocrx_word' id='word_1_53' title='bbox 490 1100 648 1160; x_wconf 87' lang='lat' dir='ltr'><strong>celeriter.’&#39;</strong></span> <span class='ocrx_word' id='word_1_54' title='bbox 690 1097 808 1159; x_wconf 81' lang='lat' dir='ltr'><strong>Stultus</strong></span> <span class='ocrx_word' id='word_1_55' title='bbox 827 1117 924 1174; x_wconf 86' lang='lat' dir='ltr'><strong>eques,</strong></span> <span class='ocrx_word' id='word_1_56' title='bbox 938 1098 1007 1157; x_wconf 87' lang='lat' dir='ltr'><strong>fidei</strong></span> <span class='ocrx_word' id='word_1_57' title='bbox 1026 1098 1129 1158; x_wconf 69' lang='lat' dir='ltr'><strong>imme-</strong></span> 
     </span>
     <span class='ocr_line' id='line_1_9' title="bbox 169 1191 1128 1270; baseline 0.003 -22"><span class='ocrx_word' id='word_1_58' title='bbox 169 1209 242 1263; x_wconf 88' lang='lat' dir='ltr'><strong>mor,</strong></span> <span class='ocrx_word' id='word_1_59' title='bbox 257 1191 413 1250; x_wconf 88' lang='lat' dir='ltr'><strong>stationem</strong></span> <span class='ocrx_word' id='word_1_60' title='bbox 427 1192 533 1252; x_wconf 66' lang='lat' dir='ltr'><strong>deserit</strong></span> <span class='ocrx_word' id='word_1_61' title='bbox 543 1211 553 1267; x_wconf 89' lang='lat'>3</span> <span class='ocrx_word' id='word_1_62' title='bbox 572 1193 714 1270; x_wconf 77' lang='lat' dir='ltr'>relinquit</span> <span class='ocrx_word' id='word_1_63' title='bbox 733 1196 831 1250; x_wconf 87' lang='lat' dir='ltr'><strong>temen</strong></span> <span class='ocrx_word' id='word_1_64' title='bbox 853 1210 954 1251; x_wconf 85' lang='lat' dir='ltr'><strong>canem</strong></span> <span class='ocrx_word' id='word_1_65' title='bbox 974 1192 1128 1251; x_wconf 75' lang='lat' dir='ltr'><strong>custodem</strong></span> 
     </span>
     <span class='ocr_line' id='line_1_10' title="bbox 169 1283 1128 1364; baseline 0.003 -22"><span class='ocrx_word' id='word_1_66' title='bbox 169 1283 235 1343; x_wconf 91' lang='lat' dir='ltr'><strong>loci.</strong></span> <span class='ocrx_word' id='word_1_67' title='bbox 288 1284 369 1343; x_wconf 91' lang='lat' dir='ltr'><strong>Dum</strong></span> <span class='ocrx_word' id='word_1_68' title='bbox 404 1285 495 1358; x_wconf 86' lang='lat' dir='ltr'><strong>abest,</strong></span> <span class='ocrx_word' id='word_1_69' title='bbox 527 1286 692 1364; x_wconf 85' lang='lat' dir='ltr'><strong>clangorem</strong></span> <span class='ocrx_word' id='word_1_70' title='bbox 722 1305 866 1345; x_wconf 86' lang='lat' dir='ltr'><strong>armorum</strong></span> <span class='ocrx_word' id='word_1_71' title='bbox 897 1285 989 1358; x_wconf 86' lang='lat' dir='ltr'><strong>audit,</strong></span> <span class='ocrx_word' id='word_1_72' title='bbox 1019 1286 1128 1345; x_wconf 89' lang='lat' dir='ltr'><strong>deiude</strong></span> 
     </span>
     <span class='ocr_line' id='line_1_11' title="bbox 169 1377 1129 1457; baseline 0.004 -22"><span class='ocrx_word' id='word_1_73' title='bbox 169 1377 318 1453; x_wconf 71' lang='lat' dir='ltr'><strong>gemitum.</strong></span> <span class='ocrx_word' id='word_1_74' title='bbox 362 1377 469 1437; x_wconf 89' lang='lat' dir='ltr'><strong>Dolore</strong></span> <span class='ocrx_word' id='word_1_75' title='bbox 482 1379 582 1438; x_wconf 83' lang='lat' dir='ltr'><strong>furans</strong></span> <span class='ocrx_word' id='word_1_76' title='bbox 602 1379 723 1439; x_wconf 77' lang='lat' dir='ltr'><strong>recurrit</strong></span> <span class='ocrx_word' id='word_1_77' title='bbox 742 1378 780 1436; x_wconf 86' lang='lat' dir='ltr'><strong>ad</strong></span> <span class='ocrx_word' id='word_1_78' title='bbox 799 1378 904 1437; x_wconf 91' lang='lat' dir='ltr'><strong>locum</strong></span> <span class='ocrx_word' id='word_1_79' title='bbox 946 1379 1051 1439; x_wconf 86' lang='lat' dir='ltr'><strong>Eheu!</strong></span> <span class='ocrx_word' id='word_1_80' title='bbox 1071 1379 1129 1457; x_wconf 84' lang='lat' dir='ltr'><strong>sig·</strong></span> 
     </span>
     <span class='ocr_line' id='line_1_12' title="bbox 169 1469 916 1547; baseline 0 -18"><span class='ocrx_word' id='word_1_81' title='bbox 169 1489 242 1529; x_wconf 90' lang='lat' dir='ltr'><strong>num</strong></span> <span class='ocrx_word' id='word_1_82' title='bbox 256 1469 347 1544; x_wconf 87' lang='lat' dir='ltr'><strong>abest,</strong></span> <span class='ocrx_word' id='word_1_83' title='bbox 363 1475 393 1529; x_wconf 89' lang='lat' dir='ltr'><strong>et</strong></span> <span class='ocrx_word' id='word_1_84' title='bbox 407 1471 502 1531; x_wconf 85' lang='lat' dir='ltr'><strong>fidelis</strong></span> <span class='ocrx_word' id='word_1_85' title='bbox 516 1477 615 1532; x_wconf 88' lang='lat' dir='ltr'><strong>custos</strong></span> <span class='ocrx_word' id='word_1_86' title='bbox 628 1470 821 1531; x_wconf 87' lang='lat' dir='ltr'><strong>moribundus</strong></span> <span class='ocrx_word' id='word_1_87' title='bbox 831 1472 916 1547; x_wconf 81' lang='lat' dir='ltr'><strong>jacet</strong></span> 
     </span>
    </p>
   </div>
   <div class='ocr_carea' id='block_1_4' title="bbox 367 1685 931 1770">
    <p class='ocr_par' dir='ltr' id='par_1_4' title="bbox 367 1685 931 1770">
     <span class='ocr_line' id='line_1_13' title="bbox 367 1685 931 1770; baseline -0.002 -19"><span class='ocrx_word' id='word_1_88' title='bbox 367 1705 385 1770; x_wconf 82' lang='lat'>3</span> <span class='ocrx_word' id='word_1_89' title='bbox 389 1701 416 1768; x_wconf 85' lang='lat'><strong>5.</strong></span> <span class='ocrx_word' id='word_1_90' title='bbox 453 1688 484 1751; x_wconf 93' lang='lat' dir='ltr'><em>T</em></span> <span class='ocrx_word' id='word_1_91' title='bbox 481 1686 519 1752; x_wconf 79' lang='lat' dir='ltr'><strong>tc</strong></span> <span class='ocrx_word' id='word_1_92' title='bbox 535 1686 713 1754; x_wconf 83' lang='lat' dir='ltr'><strong>Standard</strong></span> <span class='ocrx_word' id='word_1_93' title='bbox 725 1685 931 1770; x_wconf 82' lang='lat' dir='ltr'><strong>(continued).</strong></span> 
     </span>
    </p>
   </div>
   <div class='ocr_carea' id='block_1_5' title="bbox 168 1823 1130 2732">
    <p class='ocr_par' dir='ltr' id='par_1_5' title="bbox 168 1823 1130 2732">
     <span class='ocr_line' id='line_1_14' title="bbox 211 1823 1126 1901; baseline 0.001 -18"><span class='ocrx_word' id='word_1_94' title='bbox 211 1823 323 1883; x_wconf 87' lang='lat' dir='ltr'><strong>Paucos</strong></span> <span class='ocrx_word' id='word_1_95' title='bbox 337 1830 404 1901; x_wconf 86' lang='lat' dir='ltr'><strong>post</strong></span> <span class='ocrx_word' id='word_1_96' title='bbox 420 1824 483 1883; x_wconf 89' lang='lat' dir='ltr'><strong>dies</strong></span> <span class='ocrx_word' id='word_1_97' title='bbox 503 1824 648 1884; x_wconf 86' lang='lat' dir='ltr'><strong>Ricardus</strong></span> <span class='ocrx_word' id='word_1_98' title='bbox 668 1824 766 1901; x_wconf 88' lang='lat' dir='ltr'><strong>copias</strong></span> <span class='ocrx_word' id='word_1_99' title='bbox 786 1823 930 1884; x_wconf 83' lang='lat' dir='ltr'><strong>sociorum</strong></span> <span class='ocrx_word' id='word_1_100' title='bbox 949 1824 1126 1884; x_wconf 74' lang='lat' dir='ltr'><strong>recensebat.</strong></span> 
     </span>
     <span class='ocr_line' id='line_1_15' title="bbox 169 1917 1129 1997; baseline -0.001 -18"><span class='ocrx_word' id='word_1_101' title='bbox 169 1918 252 1979; x_wconf 90' lang='lat' dir='ltr'><strong>Dum</strong></span> <span class='ocrx_word' id='word_1_102' title='bbox 280 1919 342 1997; x_wconf 88' lang='lat' dir='ltr'><strong>ipse</strong></span> <span class='ocrx_word' id='word_1_103' title='bbox 370 1917 448 1996; x_wconf 82' lang='lat' dir='ltr'><strong>regio</strong></span> <span class='ocrx_word' id='word_1_104' title='bbox 472 1918 546 1977; x_wconf 88' lang='lat' dir='ltr'><strong>solio</strong></span> <span class='ocrx_word' id='word_1_105' title='bbox 570 1918 661 1992; x_wconf 82' lang='lat' dir='ltr'><strong>sedet,</strong></span> <span class='ocrx_word' id='word_1_106' title='bbox 683 1919 829 1996; x_wconf 88' lang='lat' dir='ltr'><strong>principes</strong></span> <span class='ocrx_word' id='word_1_107' title='bbox 855 1918 1036 1996; x_wconf 81' lang='lat' dir='ltr'><strong>equitesque</strong></span> <span class='ocrx_word' id='word_1_108' title='bbox 1059 1939 1129 1978; x_wconf 84' lang='lat' dir='ltr'><strong>curn</strong></span> 
     </span>
     <span class='ocr_line' id='line_1_16' title="bbox 169 2010 1126 2093; baseline 0.003 -17"><span class='ocrx_word' id='word_1_109' title='bbox 169 2017 272 2077; x_wconf 84' lang='lat' dir='ltr'><strong>multis</strong></span> <span class='ocrx_word' id='word_1_110' title='bbox 300 2016 434 2076; x_wconf 88' lang='lat' dir='ltr'><strong>millibus</strong></span> <span class='ocrx_word' id='word_1_111' title='bbox 461 2016 592 2075; x_wconf 90' lang='lat' dir='ltr'><strong>militum</strong></span> <span class='ocrx_word' id='word_1_112' title='bbox 619 2022 688 2076; x_wconf 88' lang='lat' dir='ltr'><strong>aute</strong></span> <span class='ocrx_word' id='word_1_113' title='bbox 704 2010 813 2077; x_wconf 70' lang='lat' dir='ltr'><strong>&#39;ocum</strong></span> <span class='ocrx_word' id='word_1_114' title='bbox 839 2017 915 2093; x_wconf 80' lang='lat' dir='ltr'><strong>regie</strong></span> <span class='ocrx_word' id='word_1_115' title='bbox 942 2017 1126 2079; x_wconf 82' lang='lat' dir='ltr'><strong>incedebant.</strong></span> 
     </span>
     <span class='ocr_line' id='line_1_17' title="bbox 170 2107 1127 2186; baseline 0 -15"><span class='ocrx_word' id='word_1_116' title='bbox 170 2108 260 2171; x_wconf 86' lang='lat' dir='ltr'><strong>Haud</strong></span> <span class='ocrx_word' id='word_1_117' title='bbox 274 2109 423 2186; x_wconf 86' lang='lat' dir='ltr'><strong>proculab</strong></span> <span class='ocrx_word' id='word_1_118' title='bbox 438 2128 471 2168; x_wconf 91' lang='lat' dir='ltr'><strong>eo</strong></span> <span class='ocrx_word' id='word_1_119' title='bbox 485 2107 549 2167; x_wconf 91' lang='lat' dir='ltr'><strong>loco</strong></span> <span class='ocrx_word' id='word_1_120' title='bbox 563 2109 660 2168; x_wconf 83' lang='lat' dir='ltr'><strong>stabat</strong></span> <span class='ocrx_word' id='word_1_121' title='bbox 674 2109 824 2169; x_wconf 81' lang='lat' dir='ltr'><strong>Gennetue</strong></span> <span class='ocrx_word' id='word_1_122' title='bbox 834 2128 902 2168; x_wconf 90' lang='lat' dir='ltr'><strong>cum</strong></span> <span class='ocrx_word' id='word_1_123' title='bbox 916 2129 985 2168; x_wconf 86' lang='lat' dir='ltr'><strong>cane</strong></span> <span class='ocrx_word' id='word_1_124' title='bbox 996 2110 1078 2168; x_wconf 90' lang='lat' dir='ltr'><strong>fideli</strong></span> <span class='ocrx_word' id='word_1_125' title='bbox 1089 2109 1127 2186; x_wconf 91' lang='lat' dir='ltr'><strong>(is</strong></span> 
     </span>
     <span class='ocr_line' id='line_1_18' title="bbox 170 2200 1127 2280; baseline 0 -17"><span class='ocrx_word' id='word_1_126' title='bbox 170 2204 250 2263; x_wconf 88' lang='lat' dir='ltr'><strong>enim</strong></span> <span class='ocrx_word' id='word_1_127' title='bbox 260 2203 336 2261; x_wconf 84' lang='lat' dir='ltr'><strong>vires</strong></span> <span class='ocrx_word' id='word_1_128' title='bbox 351 2202 478 2278; x_wconf 85' lang='lat' dir='ltr'><strong>corporis</strong></span> <span class='ocrx_word' id='word_1_129' title='bbox 486 2200 726 2280; x_wconf 85' lang='lat' dir='ltr'><strong>recuperaverat).</strong></span> <span class='ocrx_word' id='word_1_130' title='bbox 769 2202 791 2262; x_wconf 86' lang='lat' dir='ltr'><strong>J</strong></span> <span class='ocrx_word' id='word_1_131' title='bbox 791 2222 837 2262; x_wconf 90' lang='lat' dir='ltr'><strong>am</strong></span> <span class='ocrx_word' id='word_1_132' title='bbox 852 2202 941 2261; x_wconf 87' lang='lat' dir='ltr'><strong>duces</strong></span> <span class='ocrx_word' id='word_1_133' title='bbox 954 2204 1127 2279; x_wconf 78' lang='lat' dir='ltr'><strong>singillatim</strong></span> 
     </span>
     <span class='ocr_line' id='line_1_19' title="bbox 168 2288 1130 2375; baseline -0.001 -18"><span class='ocrx_word' id='word_1_134' title='bbox 168 2316 265 2375; x_wconf 80' lang='lat' dir='ltr'><strong>regem</strong></span> <span class='ocrx_word' id='word_1_135' title='bbox 274 2295 447 2355; x_wconf 63' lang='lat' dir='ltr'><strong>mutabant</strong></span> <span class='ocrx_word' id='word_1_136' title='bbox 491 2294 597 2354; x_wconf 85' lang='lat' dir='ltr'><strong>Subito</strong></span> <span class='ocrx_word' id='word_1_137' title='bbox 607 2297 762 2354; x_wconf 82' lang='lat' dir='ltr'><strong>caniacum</strong></span> <span class='ocrx_word' id='word_1_138' title='bbox 772 2314 858 2354; x_wconf 83' lang='lat' dir='ltr'><strong>saevo</strong></span> <span class='ocrx_word' id='word_1_139' title='bbox 870 2296 977 2355; x_wconf 82' lang='lat' dir='ltr'><strong>latratu</strong></span> <span class='ocrx_word' id='word_1_140' title='bbox 987 2288 1130 2373; x_wconf 71' lang='lat' dir='ltr'><strong>equitem</strong></span> 
     </span>
     <span class='ocr_line' id='line_1_20' title="bbox 169 2388 1123 2466; baseline 0.001 -16"><span class='ocrx_word' id='word_1_141' title='bbox 169 2409 238 2451; x_wconf 89' lang='lat' dir='ltr'><strong>auro</strong></span> <span class='ocrx_word' id='word_1_142' title='bbox 260 2395 290 2449; x_wconf 90' lang='lat' dir='ltr'><strong>et</strong></span> <span class='ocrx_word' id='word_1_143' title='bbox 310 2396 388 2449; x_wconf 84' lang='lat' dir='ltr'><strong>ostro</strong></span> <span class='ocrx_word' id='word_1_144' title='bbox 409 2389 564 2466; x_wconf 80' lang='lat' dir='ltr'><strong>insignem,</strong></span> <span class='ocrx_word' id='word_1_145' title='bbox 587 2409 626 2448; x_wconf 87' lang='lat' dir='ltr'><strong>ex</strong></span> <span class='ocrx_word' id='word_1_146' title='bbox 649 2409 725 2465; x_wconf 91' lang='lat' dir='ltr'><strong>equo</strong></span> <span class='ocrx_word' id='word_1_147' title='bbox 745 2390 779 2448; x_wconf 90' lang='lat' dir='ltr'><strong>in</strong></span> <span class='ocrx_word' id='word_1_148' title='bbox 803 2388 953 2466; x_wconf 71' lang='lat' dir='ltr'><strong>pulverem</strong></span> <span class='ocrx_word' id='word_1_149' title='bbox 979 2392 1123 2452; x_wconf 82' lang='lat' dir='ltr'><strong>deturbat</strong></span> 
     </span>
     <span class='ocr_line' id='line_1_21' title="bbox 170 2483 1126 2558; baseline -0.002 -12"><span class='ocrx_word' id='word_1_150' title='bbox 170 2484 300 2547; x_wconf 86' lang='lat' dir='ltr'><strong>Comites</strong></span> <span class='ocrx_word' id='word_1_151' title='bbox 321 2501 388 2543; x_wconf 89' lang='lat' dir='ltr'><strong>cum</strong></span> <span class='ocrx_word' id='word_1_152' title='bbox 408 2483 532 2543; x_wconf 84' lang='lat' dir='ltr'><strong>clamore</strong></span> <span class='ocrx_word' id='word_1_153' title='bbox 552 2489 714 2543; x_wconf 82' lang='lat' dir='ltr'><strong>occurrunt</strong></span> <span class='ocrx_word' id='word_1_154' title='bbox 768 2483 811 2542; x_wconf 87' lang='lat' dir='ltr'><strong>At</strong></span> <span class='ocrx_word' id='word_1_155' title='bbox 831 2503 889 2557; x_wconf 85' lang='lat' dir='ltr'><strong>rex,</strong></span> <span class='ocrx_word' id='word_1_156' title='bbox 912 2484 1126 2558; x_wconf 84' lang='lat' dir='ltr'><strong>“Consistite,”</strong></span> 
     </span>
     <span class='ocr_line' id='line_1_22' title="bbox 169 2576 1126 2656; baseline 0.001 -19"><span class='ocrx_word' id='word_1_157' title='bbox 169 2579 278 2655; x_wconf 91' lang='lat' dir='ltr'><strong>inquit,</strong></span> <span class='ocrx_word' id='word_1_158' title='bbox 301 2578 415 2637; x_wconf 87' lang='lat' dir='ltr'><strong>“amici</strong></span> <span class='ocrx_word' id='word_1_159' title='bbox 424 2597 434 2652; x_wconf 94' lang='lat'>3</span> <span class='ocrx_word' id='word_1_160' title='bbox 450 2578 532 2654; x_wconf 82' lang='lat' dir='ltr'><strong>juste</strong></span> <span class='ocrx_word' id='word_1_161' title='bbox 552 2582 597 2637; x_wconf 90' lang='lat' dir='ltr'><strong>cst</strong></span> <span class='ocrx_word' id='word_1_162' title='bbox 617 2595 719 2655; x_wconf 83' lang='lat' dir='ltr'><strong>poena,</strong></span> <span class='ocrx_word' id='word_1_163' title='bbox 735 2576 784 2636; x_wconf 91' lang='lat' dir='ltr'><strong>bic</strong></span> <span class='ocrx_word' id='word_1_164' title='bbox 798 2578 877 2637; x_wconf 89' lang='lat' dir='ltr'><strong>enim</strong></span> <span class='ocrx_word' id='word_1_165' title='bbox 892 2597 990 2637; x_wconf 90' lang='lat' dir='ltr'><strong>mcum</strong></span> <span class='ocrx_word' id='word_1_166' title='bbox 1010 2580 1126 2656; x_wconf 84' lang='lat' dir='ltr'><strong>signum</strong></span> 
     </span>
     <span class='ocr_line' id='line_1_23' title="bbox 173 2669 403 2732; baseline -0.004 -1"><span class='ocrx_word' id='word_1_167' title='bbox 173 2669 321 2732; x_wconf 80' lang='lat' dir='ltr'><strong>violavit”</strong></span> <span class='ocrx_word' id='word_1_168' title='bbox 398 2684 403 2713; x_wconf 79' lang='lat'><strong>¹</strong></span> 
     </span>
    </p>
   </div>
   <div class='ocr_carea' id='block_1_6' title="bbox 378 2838 881 2924">
    <p class='ocr_par' dir='ltr' id='par_1_6' title="bbox 378 2838 881 2924">
     <span class='ocr_line' id='line_1_24' title="bbox 378 2838 881 2924; baseline 0 -19"><span class='ocrx_word' id='word_1_169' title='bbox 378 2862 381 2869; x_wconf 81' lang='grc'><strong>’</strong></span> <span class='ocrx_word' id='word_1_170' title='bbox 421 2841 470 2924; x_wconf 86' lang='lat'><strong>36.</strong></span> <span class='ocrx_word' id='word_1_171' title='bbox 498 2840 565 2905; x_wconf 77' lang='lat' dir='ltr'><strong>Tne</strong></span> <span class='ocrx_word' id='word_1_172' title='bbox 578 2838 881 2922; x_wconf 80' lang='lat' dir='ltr'><strong>Faittfanonnd.</strong></span> 
     </span>
    </p>
   </div>
   <div class='ocr_carea' id='block_1_7' title="bbox 172 2976 1127 3526">
    <p class='ocr_par' dir='ltr' id='par_1_7' title="bbox 172 2976 1127 3526">
     <span class='ocr_line' id='line_1_25' title="bbox 213 2976 1125 3053; baseline -0.003 -14"><span class='ocrx_word' id='word_1_173' title='bbox 213 2978 384 3039; x_wconf 87' lang='lat' dir='ltr'><strong>Cambrious</strong></span> <span class='ocrx_word' id='word_1_174' title='bbox 407 2978 486 3053; x_wconf 89' lang='lat' dir='ltr'><strong>olim,</strong></span> <span class='ocrx_word' id='word_1_175' title='bbox 501 2997 566 3036; x_wconf 87' lang='lat' dir='ltr'><strong>acer</strong></span> <span class='ocrx_word' id='word_1_176' title='bbox 578 2981 710 3050; x_wconf 84' lang='lat' dir='ltr'><strong>venator,</strong></span> <span class='ocrx_word' id='word_1_177' title='bbox 731 2976 848 3036; x_wconf 75' lang='lat' dir='ltr'><strong>fidelem</strong></span> <span class='ocrx_word' id='word_1_178' title='bbox 869 2977 996 3038; x_wconf 85' lang='lat' dir='ltr'><strong>habebat</strong></span> <span class='ocrx_word' id='word_1_179' title='bbox 1016 2997 1125 3051; x_wconf 86' lang='lat' dir='ltr'><strong>canem,</strong></span> 
     </span>
     <span class='ocr_line' id='line_1_26' title="bbox 172 3070 1126 3150; baseline -0.003 -15"><span class='ocrx_word' id='word_1_180' title='bbox 172 3075 291 3135; x_wconf 90' lang='lat' dir='ltr'><strong>nomine</strong></span> <span class='ocrx_word' id='word_1_181' title='bbox 302 3073 461 3134; x_wconf 83' lang='lat' dir='ltr'><strong>Galerium.</strong></span> <span class='ocrx_word' id='word_1_182' title='bbox 505 3071 587 3131; x_wconf 86' lang='lat' dir='ltr'><strong>Dum</strong></span> <span class='ocrx_word' id='word_1_183' title='bbox 600 3071 663 3148; x_wconf 89' lang='lat' dir='ltr'><strong>ipse</strong></span> <span class='ocrx_word' id='word_1_184' title='bbox 676 3071 710 3130; x_wconf 89' lang='lat' dir='ltr'><strong>in</strong></span> <span class='ocrx_word' id='word_1_185' title='bbox 723 3071 807 3130; x_wconf 85' lang='lat' dir='ltr'><strong>silvis</strong></span> <span class='ocrx_word' id='word_1_186' title='bbox 820 3070 912 3145; x_wconf 84' lang='lat' dir='ltr'><strong>abest,</strong></span> <span class='ocrx_word' id='word_1_187' title='bbox 927 3091 1029 3131; x_wconf 86' lang='lat' dir='ltr'><strong>canem</strong></span> <span class='ocrx_word' id='word_1_188' title='bbox 1043 3091 1126 3150; x_wconf 83' lang='lat' dir='ltr'><strong>saepe</strong></span> 
     </span>
     <span class='ocr_line' id='line_1_27' title="bbox 172 3164 1127 3246; baseline -0.004 -16"><span class='ocrx_word' id='word_1_189' title='bbox 172 3168 356 3246; x_wconf 87' lang='lat' dir='ltr'><strong>relinquebat</strong></span> <span class='ocrx_word' id='word_1_190' title='bbox 377 3167 461 3243; x_wconf 85' lang='lat' dir='ltr'><strong>parvi</strong></span> <span class='ocrx_word' id='word_1_191' title='bbox 488 3165 543 3224; x_wconf 91' lang='lat' dir='ltr'><strong>filii</strong></span> <span class='ocrx_word' id='word_1_192' title='bbox 569 3164 727 3224; x_wconf 89' lang='lat' dir='ltr'><strong>custodem</strong></span> <span class='ocrx_word' id='word_1_193' title='bbox 773 3164 943 3241; x_wconf 84' lang='lat' dir='ltr'><strong>Aliquando</strong></span> <span class='ocrx_word' id='word_1_194' title='bbox 969 3170 1049 3225; x_wconf 77' lang='lat' dir='ltr'><strong>mdre</strong></span> <span class='ocrx_word' id='word_1_195' title='bbox 1075 3186 1127 3227; x_wconf 84' lang='lat' dir='ltr'><strong>suo</strong></span> 
     </span>
     <span class='ocr_line' id='line_1_28' title="bbox 175 3256 1124 3324; baseline -0.003 0"><span class='ocrx_word' id='word_1_196' title='bbox 175 3264 311 3324; x_wconf 86' lang='lat' dir='ltr'><strong>Gelertus</strong></span> <span class='ocrx_word' id='word_1_197' title='bbox 331 3260 483 3320; x_wconf 91' lang='lat' dir='ltr'><strong>dominum</strong></span> <span class='ocrx_word' id='word_1_198' title='bbox 503 3256 638 3318; x_wconf 62' lang='lat' dir='ltr'><strong>redicem</strong></span> <span class='ocrx_word' id='word_1_199' title='bbox 651 3278 717 3318; x_wconf 88' lang='lat' dir='ltr'><strong>cum</strong></span> <span class='ocrx_word' id='word_1_200' title='bbox 732 3259 809 3317; x_wconf 87' lang='lat' dir='ltr'><strong>lecto</strong></span> <span class='ocrx_word' id='word_1_201' title='bbox 829 3258 954 3318; x_wconf 86' lang='lat' dir='ltr'><strong>clamore</strong></span> <span class='ocrx_word' id='word_1_202' title='bbox 973 3260 1124 3321; x_wconf 81' lang='lat' dir='ltr'><strong>salutabat</strong></span> 
     </span>
     <span class='ocr_line' id='line_1_29' title="bbox 174 3351 1127 3430; baseline -0.004 -13"><span class='ocrx_word' id='word_1_203' title='bbox 174 3358 218 3417; x_wconf 84' lang='lat' dir='ltr'><strong>At</strong></span> <span class='ocrx_word' id='word_1_204' title='bbox 231 3356 330 3417; x_wconf 87' lang='lat' dir='ltr'><strong>subito</strong></span> <span class='ocrx_word' id='word_1_205' title='bbox 344 3353 480 3413; x_wconf 87' lang='lat' dir='ltr'><strong>dominus</strong></span> <span class='ocrx_word' id='word_1_206' title='bbox 492 3358 594 3430; x_wconf 86' lang='lat' dir='ltr'><strong>pectus</strong></span> <span class='ocrx_word' id='word_1_207' title='bbox 607 3354 672 3429; x_wconf 89' lang='lat' dir='ltr'><strong>ejus</strong></span> <span class='ocrx_word' id='word_1_208' title='bbox 685 3357 716 3411; x_wconf 90' lang='lat' dir='ltr'><strong>et</strong></span> <span class='ocrx_word' id='word_1_209' title='bbox 725 3351 828 3411; x_wconf 88' lang='lat' dir='ltr'><strong>dentes</strong></span> <span class='ocrx_word' id='word_1_210' title='bbox 841 3352 982 3429; x_wconf 86' lang='lat' dir='ltr'><strong>sauguine</strong></span> <span class='ocrx_word' id='word_1_211' title='bbox 995 3361 1127 3413; x_wconf 84' lang='lat' dir='ltr'><strong>cruentos</strong></span> 
     </span>
     <span class='ocr_line' id='line_1_30' title="bbox 174 3446 1126 3526; baseline -0.001 -17"><span class='ocrx_word' id='word_1_212' title='bbox 174 3456 276 3522; x_wconf 88' lang='lat' dir='ltr'><strong>notat3</strong></span> <span class='ocrx_word' id='word_1_213' title='bbox 297 3446 466 3524; x_wconf 85' lang='lat' dir='ltr'><strong>perterritus</strong></span> <span class='ocrx_word' id='word_1_214' title='bbox 486 3465 576 3506; x_wconf 87' lang='lat' dir='ltr'><strong>cunas</strong></span> <span class='ocrx_word' id='word_1_215' title='bbox 595 3446 680 3523; x_wconf 80' lang='lat' dir='ltr'><strong>parvi</strong></span> <span class='ocrx_word' id='word_1_216' title='bbox 700 3446 754 3504; x_wconf 91' lang='lat' dir='ltr'><strong>filii</strong></span> <span class='ocrx_word' id='word_1_217' title='bbox 775 3446 859 3524; x_wconf 85' lang='lat' dir='ltr'><strong>petit.</strong></span> <span class='ocrx_word' id='word_1_218' title='bbox 901 3447 988 3506; x_wconf 85' lang='lat' dir='ltr'><strong>Eheu</strong></span> <span class='ocrx_word' id='word_1_219' title='bbox 1006 3467 1126 3526; x_wconf 88' lang='lat' dir='ltr'><strong>puerum</strong></span> 
     </span>
    </p>
   </div>
   <div class='ocr_carea' id='block_1_8' title="bbox 0 0 1218 3850">
    <p class='ocr_par' dir='ltr' id='par_1_8' title="bbox 0 0 1218 3850">
     <span class='ocr_line' id='line_1_31' title="bbox 0 0 1218 3850; baseline 0 0"><span class='ocrx_word' id='word_1_220' title='bbox 0 0 1218 3850; x_wconf 95' lang='lat' dir='ltr'><strong> </strong></span> 
     </span>
    </p>
   </div>
  </div>
 </body>
</html>
