2425 3850
511 249 793 321 Translations..

464 539 512 617 58.
541 537 571 600 T
568 537 607 602 lte
623 538 835 605 Snowstorm.

211 689 326 748 Pastori
346 689 461 748 cuidam
482 690 540 749 duo
561 696 644 750 erant
664 692 727 765 filii,
744 693 853 752 Brutus
874 699 904 753 et
924 695 955 753 N
956 714 1010 754 cro.
1056 695 1129 769 Hic,

171 801 242 859 puer
269 787 379 858 acutus,
408 803 426 842 a
452 784 623 861 parentibus
650 787 803 863 praecipue
833 788 1004 862 amabatur;
1038 788 1129 847 illum

170 883 276 948 tamen,
292 877 378 935 annis
391 878 542 951 seniorem,
558 897 658 937 omnes
675 879 799 938 stultum
821 881 1038 942 existimabant.
1084 883 1128 940 Hi

170 969 240 1027 olim
256 989 322 1028 cum
336 989 406 1028 cene
420 991 473 1029 suo
487 971 599 1047 aliquas
614 972 754 1048 petebant
768 993 845 1050 oves,
857 994 931 1050 quae
945 995 997 1051 per
1010 981 1130 1034 montes

169 1062 269 1121 devios
297 1070 468 1123 erraverant.
525 1065 613 1123 Forte
640 1066 711 1124 dum
738 1068 840 1143 procul
867 1089 885 1126 a
912 1073 977 1127 casa
1003 1073 1129 1146 paterna

168 1156 284 1230 absunt,
313 1177 362 1215 eos
396 1157 536 1235 opprimit
568 1177 649 1233 nox;
682 1159 771 1218 simul
805 1161 859 1218 nix
893 1162 992 1220 erebra
1025 1163 1128 1220 omnia

169 1250 324 1327 operiebat,
343 1257 373 1308 et
393 1271 474 1328 spem
494 1252 606 1311 reditis
627 1253 741 1329 eripuit.
785 1255 914 1313 Tandem
925 1246 1006 1313 ‘fessi
1026 1254 1128 1314 labora

169 1345 224 1402 sub
246 1363 316 1402 saxo
337 1345 450 1420 ingenti
471 1365 532 1403 sese
553 1346 721 1423 projiciunt,
737 1355 928 1425 mortem-que
942 1355 1126 1425 exspectant.

169 1437 243 1495 Tum
257 1437 366 1496 Brutus
377 1458 393 1496 e
404 1439 478 1497 collo
489 1439 586 1498 fratris
601 1441 735 1513 taeniam,
748 1440 858 1499 donum
873 1442 973 1500 matris
984 1442 1125 1515 detrahit,

168 1536 259 1608 caque
273 1541 413 1592 cervicem
434 1533 513 1590 canis
527 1533 687 1592 circumdat
695 1556 705 1609 3
727 1535 844 1611 “Age''
861 1535 967 1611 inquit,
984 1540 1126 1612 “patrem

169 1627 263 1701 pete.''

356 1880 403 1949 59.
431 1869 462 1932 T
459 1867 498 1931 lte
514 1867 718 1932 Snowstorm
734 1856 938 1953 (continued).

211 2018 334 2092 Interea,
350 2017 429 2093 quod
450 2018 533 2092 pueri
552 2018 685 2076 nondum
703 2024 882 2091 revenerant‚
898 2021 1000 2096 ingene
1017 2021 1124 2079 sollici·

168 2112 241 2169 tudo
265 2111 388 2187 pastoria
411 2111 542 2169 animum
562 2111 698 2187 agitabat.
743 2111 849 2171 Subito
877 2113 1016 2172 latratum
1039 2116 1124 2173 audit

169 2206 267 2278 oanis;
287 2210 400 2281 portem
422 2205 532 2280 aperit3
553 2206 637 2263 videt
656 2224 766 2279 canem,
781 2208 833 2282 qui
854 2208 980 2266 taeniam
1000 2209 1048 2266 eui
1067 2210 1121 2267 filii

168 2299 293 2375 gerebat.
337 2298 422 2356 Hanc
436 2298 489 2355 ubi
502 2299 549 2356 vir
562 2300 693 2374 agnoscit
705 2300 769 2357 sine
783 2304 863 2358 mora
872 2300 965 2358 facem
978 2302 1119 2375 accendit,

169 2399 279 2452 etcum
293 2411 364 2449 cane
383 2390 472 2467 fideli,
489 2391 563 2450 duce
583 2392 657 2464 viae,
673 2393 791 2450 tandem
812 2393 850 2451 ad
870 2393 967 2470 ipsum
988 2397 1121 2471 pervenit

167 2486 328 2563 scopulum,
344 2485 399 2543 sub
420 2503 478 2561 quo
498 2485 581 2561 pueri
598 2485 743 2562 jacebant.
786 2485 845 2544 Hic
865 2505 933 2545 vero
947 2486 1030 2545 triete
1044 2508 1121 2565 spec-

168 2579 298 2638 taculum
318 2578 415 2636 visum
437 2583 499 2653 est;
523 2579 603 2638 Nero
624 2579 712 2650 enim,
735 2597 821 2654 quem
842 2579 932 2638 frater
954 2598 1007 2638 suo
1031 2582 1120 2657 pallio

167 2677 288 2747 texerat,
301 2672 414 2751 placide
428 2672 598 2745 dormiebat,
612 2678 642 2729 at
656 2672 774 2744 Brutus,
787 2673 839 2749 qui
852 2692 938 2732 suum
948 2693 1052 2751 corpus
1065 2674 1119 2734 hoc

168 2765 255 2825 modo
279 2767 448 2839 nudaverat,
474 2786 560 2826 saevo
584 2765 651 2843 gelu
674 2766 804 2842 rigebat;
832 2786 901 2825 nam
928 2786 1000 2844 puer
1027 2770 1117 2843 sortis,

167 2880 255 2937 quem
278 2866 395 2938 propter
418 2862 572 2937 segnitiam
597 2880 697 2920 omnes
718 2859 897 2934 deridebant,
921 2862 1017 2922 vitem
1037 2882 1121 2927 suana

166 2956 249 3014 fratri
263 2956 485 3015 condonaverat.
543 2984 546 2995 ·

454 3225 506 3289 60.
529 3224 561 3287 Α
580 3224 684 3288 Noble
697 3224 825 3288 Action.

205 3378 372 3455 Philippus,
395 3396 482 3455 eques
503 3377 700 3451 Britannicus,
719 3379 792 3438 alios
813 3378 926 3456 equites
947 3377 1117 3439 fortitudine

142 3529 145 3537 ,
164 3472 255 3532 animi
265 3471 459 3548 corporisque
470 3471 582 3530 viribus
593 3471 751 3547 aequabat3
767 3491 868 3530 omnes
876 3476 973 3530 tamen
983 3471 1116 3533 comitate
