2425 3850
508 239 784 308 translations.

433 535 503 599 133.
532 515 600 581 The
616 516 722 583 Cock’s
735 517 871 583 Advice.

212 652 256 711 At
269 654 414 731 magister,
428 655 481 731 qui
494 655 593 714 omnia
605 654 766 728 audiverat,
782 653 939 732 prudentia
953 655 1029 714 asini
1040 654 1133 714 valde

171 745 341 822 delectatus,
352 748 443 808 risum
457 768 518 808 non
532 749 688 809 continuit.
732 748 819 823 Quod
832 748 886 807 ubi
900 749 1039 826 cognovit
1053 768 1133 808 uxor

172 840 245 916 ejus,
260 859 335 916 quae
348 840 427 899 haud
442 841 543 917 procul
557 841 665 915 aberat,
681 860 743 899 rem
757 842 870 914 mirata,
885 860 1001 900 caueam
1012 861 1049 900 ex
1064 841 1132 918 ipso

172 934 325 1009 quaesivit
369 933 429 993 Hic
449 939 555 1006 autem,
574 934 622 993 cui
642 953 803 993 sermonem
825 934 997 993 animalium
1018 934 1133 993 intelli·

172 1046 239 1102 gere
252 1046 420 1087 concessum
437 1033 507 1101 erat,
523 1033 556 1086 ei
576 1028 664 1087 modo
685 1027 861 1104 conditione,
883 1033 918 1086 ut
939 1028 1026 1088 illum
1050 1027 1132 1086 nulli

173 1120 314 1197 proderet,
337 1141 374 1180 ne
395 1122 484 1180 fidem
497 1121 595 1180 datam
610 1121 741 1196 violaret,
757 1121 878 1180 omnino
893 1122 1016 1182 tacebat
1062 1121 1131 1197 Quo

171 1233 248 1274 uxor
261 1215 334 1273 irata
347 1216 410 1274 viro
424 1219 500 1291 aqui
510 1221 540 1273 et
552 1214 616 1290 igni
629 1214 792 1288 interdixit,
806 1215 877 1273 dum
890 1235 952 1274 ram
966 1215 1131 1294 patefacere

172 1307 272 1367 vellet'
314 1308 390 1367 Inda
413 1309 546 1384 agricola,
572 1308 625 1385 qui
648 1312 777 1366 maestus
801 1326 834 1365 ac
858 1308 981 1384 jejunus
1005 1308 1130 1366 domum

171 1400 280 1460 intrare
307 1421 368 1460 non
394 1421 482 1460 ausus
510 1407 564 1476 eet,
592 1401 669 1478 gallo
693 1401 821 1477 quodam
849 1400 892 1459 ita
918 1401 1048 1460 monitus
1075 1406 1128 1460 eat.

172 1494 302 1554 “Pudet
328 1515 375 1554 me
402 1495 456 1568 tui,
482 1495 637 1572 magister3
664 1513 716 1572 ego
741 1493 828 1567 enim,
855 1493 904 1552 cui
925 1494 1033 1570 viginti
1057 1499 1131 1553 sunt

171 1606 284 1664 uxores,
307 1609 407 1648 omnes
427 1589 565 1647 facillime
579 1588 675 1662 domo,
690 1593 725 1647 tu
739 1592 846 1661 tamen,
862 1588 914 1664 qui
928 1608 1017 1647 unam
1039 1589 1129 1648 modo

172 1681 271 1755 habes,
287 1702 350 1741 eam
365 1703 460 1761 regere
473 1702 535 1741 non
550 1682 659 1761 potes.'’
701 1680 787 1756 Quod
801 1681 854 1740 ubi
876 1682 971 1740 audiit
992 1681 1128 1758 agricola,

172 1774 282 1852 pudore
302 1783 407 1849 motus,
425 1776 563 1834 baculum
584 1777 687 1852 ingens
708 1774 839 1852 arripuit,
856 1780 886 1834 et
899 1774 984 1834 brevi
1004 1795 1129 1835 uxorem

172 1870 210 1930 ad
223 1869 344 1930 meliora
358 1871 480 1932 consilia
492 1871 583 1931 flexit

360 2118 429 2182 134
458 2100 525 2164 Tlu
538 2100 728 2183 Bottomvf
736 2099 789 2164 tlte
807 2099 953 2166 Stream.

212 2238 352 2298 Boeotius
366 2238 493 2314 quidam,
510 2237 562 2316 qui
575 2256 628 2314 per
641 2242 747 2296 terram
766 2236 896 2313 ignotam
918 2236 973 2295 iter
992 2236 1126 2313 faciebat,

171 2332 210 2391 ad
228 2331 337 2392 flumen
358 2337 541 2405 montanum,
557 2330 637 2408 quod
657 2330 737 2389 viam
757 2329 979 2403 intercludebat,
995 2329 1124 2391 advenit

171 2428 278 2503 Itaque
290 2427 413 2485 miratus
422 2426 502 2503 quod
515 2431 599 2485 tanta
608 2425 654 2484 via
668 2442 760 2501 cquae
774 2424 812 2483 ab
825 2428 885 2482 uni
899 2429 981 2500 parte
992 2424 1127 2484 volveba-

171 2525 229 2594 tur,
243 2521 296 2580 diu
310 2522 455 2598 patienter
468 2519 648 2596 expectabat,
665 2519 737 2578 dum
750 2517 890 2577 deflueret
908 2518 1011 2579 amnia.
1054 2519 1127 2577 Tan·

172 2614 249 2687 dem,
271 2615 351 2691 quod
373 2614 507 2673 morandi
526 2631 592 2673 eum
614 2612 759 2684 taedebat,
774 2631 828 2671 nec
842 2612 888 2672 vis
901 2630 993 2688 aquae
1006 2612 1126 2671 omniuo

172 2708 369 2783 minuebatur,
401 2708 565 2785 agricolam,
590 2708 645 2784 qui
677 2708 753 2766 forta
783 2705 927 2779 adstabat,
956 2706 1123 2783 appellavit

174 2802 255 2875 “Tu,
287 2803 421 2878 quaea0,'’
452 2802 560 2878 inquit,
594 2806 692 2861 “vera
723 2798 798 2858 mihi
830 2800 991 2877 responde:
1023 2800 1126 2859 imum-

171 2894 210 2955 nd
233 2896 344 2955 flumen
368 2896 484 2954 firmum
509 2896 596 2954 atu
639 2893 756 2954 “Nihil
782 2898 964 2971 potestesse
988 2893 1125 2968 firmius,''

171 2990 324 3066 respondit
357 2990 437 3049 illa·
479 2988 595 3064 Quibus
623 2989 719 3048 verbis
746 2990 933 3050 confirmatus
960 2987 994 3045 in
1020 3006 1124 3063 aquam

171 3082 311 3143 Boeotius
331 3081 459 3142 desiluit
503 3081 590 3156 Quod
610 3086 709 3141 tamen
728 3084 839 3142 fiumen
859 3081 917 3141 fuit
940 3079 1122 3155 altissimum,

171 3176 228 3235 cub
251 3175 341 3239 undis
364 3194 485 3248 marcus,
510 3174 640 3236 natando
666 3182 791 3237 mortem
814 3176 867 3235 vix
896 3174 1005 3252 effugit.
1049 3174 1122 3235 Tum

172 3271 294 3330 Boeotio
308 3270 344 3330 de
358 3269 460 3328 fraude
474 3270 617 3346 querenti,
634 3272 653 3302 “
663 3270 705 3330 Te
719 3272 823 3345 carte,''
832 3267 982 3347 respondit
991 3268 1121 3345 agricola,

173 3364 287 3423 “irasci
300 3363 422 3423 minime
436 3361 538 3437 decet3
557 3367 592 3420 tu
605 3363 686 3422 enim
699 3364 793 3423 imum
803 3363 921 3437 flumen,
933 3362 1014 3439 quod
1026 3366 1122 3423 maara

172 3457 370 3518 firmissimum
386 3460 439 3531 eat,
454 3454 586 3516 nondum
600 3456 752 3535 alliga&
