2425 3850
423 247 701 318 Transletions.

277 600 421 663 PIECES
441 602 524 662 Fon
544 598 848 664 TRANSLATION.

113 809 184 874 141.
206 792 293 874 May
307 812 329 855 a
343 791 431 854 Man
447 789 487 854 do
501 789 595 853 what
606 789 646 853 lte
660 789 741 854 laites
755 790 838 854 wita
852 790 905 855 ln's
919 792 1020 856 own!

126 958 279 1036 Lysander
311 954 512 1028 Atheniensis,
545 975 638 1032 quum
672 961 766 1016 cetera
799 956 938 1016 animalia
971 956 1042 1016 satis

85 1051 312 1129 diligebat,tum
326 1068 416 1126 equos
429 1049 673 1108 summofovebat
687 1067 790 1109 amore.
834 1050 865 1108 Is
879 1051 957 1123 olim,
970 1051 1042 1110 dum
1073 1037 1074 1042 ἵ

85 1146 202 1205 Thebes
222 1145 278 1203 iter
297 1143 376 1216 lacit,
392 1142 425 1200 in
445 1142 600 1202 Boeotium
614 1143 761 1218 quendam
774 1143 886 1217 incidit,
902 1144 954 1220 qui
968 1162 1044 1220 equo

86 1259 140 1299 suo
161 1239 199 1298 ob
220 1237 318 1297 nescio
339 1255 427 1312 quem
447 1235 563 1313 culpam
583 1235 659 1300 male
683 1237 827 1297 utebatur.
880 1237 966 1312 Quod
990 1237 1044 1295 ubi

86 1332 174 1405 vidit,
202 1331 340 1408 gravibus
374 1327 488 1405 probris
521 1334 634 1389 tantam
662 1329 863 1390 crudelitatem
889 1332 1043 1408 increpuit.

89 1431 107 1459 “
117 1425 197 1502 Quid
211 1424 331 1483 tandem
350 1422 383 1480 id
396 1420 434 1480 ad
447 1426 478 1480 te
491 1422 624 1496 attinet,”
638 1421 789 1497 respondit
804 1423 862 1482 ille.
908 1427 926 1456 ‘⁴
935 1424 1043 1486 Nonne

88 1520 158 1579 licet
194 1518 271 1576 mihi
306 1535 415 1592 equum
452 1514 478 1573 si
511 1515 554 1574 ita
587 1515 683 1591 placet
717 1515 866 1576 verberare
903 1519 1044 1578 meuml’'

90 1613 275 1685 “Maxime’'
299 1611 399 1686 inquit
427 1608 587 1686 Lysander,
613 1609 718 1684 “quod
739 1610 907 1685 exemplum
927 1616 960 1670 tu
981 1631 1044 1688 pro

89 1709 184 1786 ponis,
195 1707 228 1766 id
241 1723 293 1782 ego
307 1704 468 1765 imitabor.”
503 1703 583 1762 Haec
594 1703 711 1762 locutus
720 1721 826 1778 magno
840 1703 952 1778 baculo,
965 1708 1044 1781 quod

90 1821 180 1860 manu
200 1798 343 1877 portabat,
358 1805 471 1875 tergum
491 1798 554 1873 ejus
574 1796 751 1872 gravitaret
771 1815 855 1873 saepe
869 1798 1042 1862 verberavit.

90 1900 109 1930 “
117 1895 184 1955 Hoc
198 1893 303 1966 enim‚''
317 1893 423 1969 inquit,
440 1896 459 1926 “
469 1890 606 1951 baculum
626 1909 725 1950 meum
738 1895 789 1952 est
833 1891 942 1953 Nonne
955 1893 1046 1971 igitur
1136 1911 1139 1920 ⁴

89 1990 165 2051 mihi
178 1989 248 2048 licet
261 2006 304 2062 eo,
318 1986 361 2048 ita
375 1992 409 2046 nt
422 1986 524 2063 placet,
539 1986 604 2045 urit
613 1984 629 2014 ''

313 2287 382 2387 142:
411 2268 478 2333 Tlu
495 2265 742 2333 Good-natured
751 2270 828 2350 Boy.

133 2425 271 2496 Glaucus,
293 2442 365 2499 puer
384 2420 502 2498 ingenio
522 2420 659 2497 benigno,
679 2440 696 2480 a
716 2425 797 2497 patre
817 2421 923 2481 missus
943 2424 1046 2484 estad

91 2538 217 2597 parvum
237 2514 387 2593 oppidum,
408 2513 487 2590 quod
507 2513 545 2572 ab
565 2532 599 2571 eo
620 2512 683 2572 loco
708 2518 773 2573 octo
794 2513 888 2573 millia
907 2532 1046 2591 passuum

92 2614 199 2674 aberat
242 2609 308 2683 Cui,
330 2609 402 2669 dum
425 2609 482 2668 iter
501 2608 580 2680 facit,
602 2607 727 2668 occurrit
750 2608 831 2667 canis
855 2607 931 2669 fame
954 2628 1046 2687 paene

92 2706 252 2776 coniectus,
273 2703 474 2777 dextramque
494 2701 625 2759 lambens
646 2700 745 2759 eibum
769 2708 866 2777 petere
887 2702 967 2762 visus
992 2710 1045 2765 est.
1103 2726 1105 2731 ·

93 2799 170 2859 Inde
196 2797 326 2858 Glaucus
352 2794 548 2855 misericordia
574 2800 682 2868 motus,
711 2793 766 2853 etsi
800 2794 862 2871 ipse
893 2798 1046 2873 esuriebat,

92 2911 228 2970 magnam
241 2891 288 2950 sui
302 2889 361 2948 cibi
375 2894 487 2965 partam
500 2887 567 2947 cani
580 2886 671 2948 dedit.
715 2887 814 2962 Quum
834 2893 932 2948 autem
949 2893 1048 2968 paullo

92 2986 210 3064 longius
229 2985 340 3059 ivisset,
358 2982 508 3042 hominem
528 2981 644 3058 aspexit
664 3000 789 3055 caecum,
812 2983 864 3058 qui
884 2984 918 3043 iu
937 2985 1049 3047 flumen

93 3079 246 3159 prolapsus
269 3077 381 3137 moveri
407 3095 469 3135 non
496 3076 631 3145 audebat,
658 3095 695 3135 ne
724 3076 890 3154 inaquam
917 3080 1049 3141 altiorem

92 3174 244 3235 incideret
287 3170 416 3232 Glaucus
430 3169 529 3246 igitur,
544 3168 599 3227 etsi
617 3168 679 3245 ipse
693 3176 793 3229 natare
807 3189 867 3229 non
881 3178 1002 3248 poterat,
1017 3175 1050 3234 in

93 3287 201 3345 aquam
214 3266 315 3326 statim
328 3263 455 3335 desiluit,
471 3267 502 3321 et
522 3281 615 3337 quum
635 3261 768 3321 dextram
782 3264 860 3323 caeci
872 3265 1048 3342 arripuisset,

94 3381 163 3422 eum
197 3359 235 3419 ad
268 3358 362 3435 ripam
396 3355 491 3416 duxit
543 3354 628 3428 Inde,
662 3374 754 3431 quum
788 3374 893 3433 aquam
927 3376 943 3416 e
971 3364 1051 3421 veste

95 3438 293 3536 espressisset,
308 3451 347 3511 ad
360 3449 501 3527 oppidum
515 3467 605 3526 quam
618 3448 764 3509 celerrime
777 3448 937 3512 contendit
