2425 3850
505 111 521 142 ο

176 248 214 306 20
511 243 789 310 Translatione.

174 442 274 514 mihi‚”
283 442 390 518 iuquit,
402 447 420 475 “
429 460 610 517 responsum,
621 460 638 500 o
649 441 794 517 preeolere
808 439 896 499 Rosci
904 460 914 513 ;
934 439 1016 498 canis
1026 439 1134 499 diuitis

173 535 264 594 vicini
291 554 389 594 meum
416 553 517 611 egnum
551 535 683 608 intravit,
711 535 895 610 necavitque
929 537 987 592 tres
1021 534 1131 610 pullos.

174 627 322 702 Quantam
336 634 372 686 tu
385 628 524 686 mulctam
535 628 656 686 domino
667 627 747 686 cenis
761 627 889 704 imponis
897 626 928 683 'l’'
970 629 988 659 “
998 626 1134 701 Quotuor

173 722 277 795 esses,”
304 722 454 799 respondit
479 721 606 780 Roscius
652 720 727 778 “Da
751 720 826 778 mihi
846 719 938 795 igitur
958 718 1061 792 seses,”
1083 721 1134 779 vir

171 815 279 892 inquit,
304 820 400 874 “tuus
421 816 500 873 enim
520 815 601 874 conis
622 820 684 873 eret
704 813 795 873 reus''
840 816 857 845 “
867 813 925 871 Res
945 833 1037 890 seque
1057 813 1132 887 est,”

172 910 279 968 iterum
297 909 448 985 respondit
467 907 599 981 Roscius,
616 912 674 966 “et
688 907 814 966 libenter
829 908 884 966 tibi
906 911 1032 987 quatuor
1051 926 1132 966 essee

172 1003 255 1062 dabo.
300 1002 342 1060 At
362 1008 397 1061 tu
417 1002 544 1079 primum
564 1000 685 1060 numeri
704 1001 779 1060 mihi
798 1003 930 1079 quinque
950 1020 1035 1076 esses,
1053 1020 1132 1059 nun-

172 1115 260 1172 quam
275 1097 352 1155 enim
363 1096 568 1172 jurisconsulti
581 1097 645 1154 siue
659 1095 790 1154 mercede
804 1096 876 1155 deut
890 1095 1053 1173 responsu’'

434 1345 484 1390 22.
512 1328 543 1391 T
540 1327 579 1390 lte
603 1327 720 1410 Young
734 1327 872 1392 Slzover.

213 1464 350 1536 Glaucus,
377 1484 449 1540 puer
468 1463 650 1537 Corinthius,
672 1463 840 1522 adultorum
860 1463 1014 1522 hominum
1034 1468 1131 1523 mores

171 1578 285 1636 semper
310 1558 471 1632 induebet5
498 1577 566 1616 nem
595 1563 692 1633 togam
714 1556 830 1615 virilem
849 1557 939 1634 uulgo
960 1558 1078 1634 gerebat
1099 1565 1131 1616 et

170 1675 256 1733 saepe
269 1654 410 1714 tondebat
424 1655 526 1714 molles
537 1653 631 1730 genes
676 1653 830 1728 Quondam
842 1654 965 1713 intravit
976 1654 1130 1713 tubemem

171 1749 310 1825 praeclari
324 1750 456 1821 tonsoris,
472 1752 501 1807 et
515 1751 620 1823 magne
633 1766 703 1805 voce
715 1750 733 1779 “
742 1747 869 1821 Tonde‚”
880 1749 987 1824 inquit,
1004 1752 1023 1781 “
1032 1768 1129 1806 meam

171 1843 290 1902 horbem
315 1843 377 1902 sine
399 1841 505 1901 miri!
545 1840 665 1914 Tonsor,
687 1841 734 1900 vir
750 1840 875 1918 ιι’ὄιιόιιιι,
897 1849 981 1918 perot
1001 1861 1108 1918 aquom
1120 1863 1129 1916 3

170 1938 291 1997 obducit
318 1942 450 1996 mentum
482 1936 601 2012 juvenis
627 1940 731 2012 spumis
757 1936 842 2008 albim
876 1936 1004 1995 cultrum
1031 1937 1111 1995 acuit
1121 1958 1130 2010 3

170 2036 314 2108 postremo
342 2032 425 2090 vadit
452 2031 490 2089 ed
521 2035 643 2108 portum,
672 2030 829 2105 habetque
863 2034 1025 2089 sermonem
1059 2050 1128 2089 cum

170 2126 278 2185 amicis
322 2124 421 2183 Primo
443 2124 571 2183 Glaucus
584 2143 645 2182 rem
659 2124 804 2200 patienter
824 2123 986 2198 tolirebct3
1007 2123 1128 2183 tandem

171 2239 231 2278 non
245 2220 376 2278 continet
393 2220 474 2290 irem,
490 2218 541 2277 sed
561 2237 677 2277 causam
697 2217 793 2277 mirae
813 2219 983 2295 postulavit
1028 2218 1127 2289 “At''

171 2314 321 2391 respondit
334 2314 453 2384 Tonsor,
470 2316 487 2344 ‘¹
497 2319 579 2369 tuum
594 2311 712 2370 hurbem
727 2314 892 2388 exspecto.”

448 2563 497 2629 23.
526 2547 558 2610 T
554 2546 593 2611 lte
611 2546 715 2611 Green
733 2546 850 2613 Clteese.
951 2591 955 2597 ·

214 2684 352 2745 Boeotius
367 2684 460 2743 viator
473 2683 544 2743 olim
563 2693 624 2742 unse
642 2703 709 2742 oum
728 2682 884 2744 Corinthio
902 2688 932 2742 et
951 2684 1127 2746 Atheniensi

173 2784 262 2839 noctu
296 2778 474 2837 ambulabat.
531 2777 605 2836 Mox
639 2778 759 2836 comites
788 2778 825 2836 od
855 2778 990 2855 rapidum
1016 2780 1126 2839 flumen

173 2872 304 2931 veniunt
348 2870 436 2929 Forte
463 2870 540 2930 eltus
565 2889 641 2947 pons
663 2870 808 2947 jungebat
831 2870 948 2930 flumen
992 2872 1128 2934 Victores

172 2964 336 3025 escendunt
349 2969 477 3041 pontem,
489 2971 519 3022 et
532 2964 565 3021 iu
578 2972 656 3039 equi
665 2963 720 3022 sub
732 2962 856 3040 pedibus
870 2964 1027 3040 imaginem
1039 2965 1126 3025 lunae

172 3060 285 3119 vident
339 3059 467 3131 “Ecce,''
496 3058 593 3134 inquit
620 3057 768 3131 Boeotius,
795 3057 944 3133 “pulcher
970 3078 1069 3119 caseus
1094 3062 1128 3120 in

173 3162 250 3230 aqut
261 3152 344 3229 jioet
389 3152 451 3212 Cur
464 3169 518 3209 nos
532 3170 593 3209 non
609 3150 771 3226 proemium
791 3150 1016 3227 deponamuuu
1055 3154 1125 3215 Sine

173 3247 254 3307 more
268 3246 407 3306 Boeotius
421 3244 555 3303 menibus
570 3250 691 3321 pontem
705 3242 795 3318 tinet,
810 3249 840 3302 et
853 3247 1007 3322 suspendit
1023 3266 1126 3325 corpus

172 3362 260 3420 super
274 3360 386 3419 equum.
429 3337 546 3397 Deinde
560 3338 732 3398 Corinthius
753 3338 909 3416 prehendit
928 3360 1012 3400 crura
1031 3342 1123 3403 amici.

171 3438 364 3501 Atheniensis
383 3437 473 3497 hehet
493 3436 614 3495 tertium
640 3435 738 3495 locum
761 3442 793 3496 et
815 3437 941 3514 pedibus
964 3440 1123 3516 proemium
