2425 3850
515 222 794 292 'translations

518 498 569 576 83.
591 497 804 581 Hospitality.

225 645 323 708 Multa
349 648 516 708 audivimus
543 650 581 710 de
607 650 684 710 luxu
711 651 895 728 divitiisque
925 669 1028 710 eorum
1057 669 1151 709 saeer-

134 771 136 778 1
186 739 297 816 dotum,
318 744 370 820 qni
394 745 481 802 saeris
502 743 616 805 Cereris
640 751 809 822 prae-erant.
853 745 901 803 Ex
925 744 974 803 his
994 763 1086 819 unns,
1103 743 1152 801 oui

184 852 292 894 nomen
324 840 386 896 erat
417 838 523 915 Lyous,
552 858 722 916 quanquam
749 838 879 898 modicas
906 838 994 896 modo
1023 838 1150 897 divitias

184 926 319 1006 habebat,
335 949 435 991 omnes
449 932 522 992 alios
536 933 719 1009 benignitate
732 939 763 992 et
780 932 956 991 liberalitate
977 931 1147 1009 tuperabat

185 1019 244 1080 Hie
264 1023 351 1098 enim,
373 1025 426 1102 qui
445 1027 577 1102 quotidie
597 1027 698 1085 cibum
718 1026 809 1086 semel
833 1025 947 1102 dedebat,
969 1045 1089 1103 semper
1110 1025 1149 1083 ed

184 1113 326 1192 frugalem
354 1137 473 1177 ooenam
501 1119 589 1179 binos
618 1140 761 1197 pauperes
785 1121 917 1179 voeabat
970 1117 1148 1195 Aliquando

183 1207 255 1267 dum
282 1229 348 1270 oum
376 1211 490 1271 duobus
524 1214 702 1291 pauperibus
737 1233 857 1273 coenare
891 1213 1007 1290 incipit,
1037 1213 1147 1272 tertius

183 1301 297 1380 hospes,
312 1325 399 1382 quem
419 1307 483 1384 ipse
503 1326 564 1366 non
578 1313 741 1382 vocaverat,
757 1308 878 1367 domum
891 1307 1023 1366 intrarit
1068 1306 1146 1366 Tum

183 1395 289 1474 Lydus,
304 1401 384 1477 quod
398 1420 488 1460 ooena
501 1407 626 1478 quatuor
639 1402 773 1462 convivis
786 1422 847 1461 non
858 1401 1043 1478 suppetebat,
1056 1420 1145 1460 suum

182 1489 291 1551 leotum
319 1494 449 1554 advenae
476 1496 619 1554 oonoessit
640 1496 780 1576 (Romani
801 1496 891 1568 enim,
913 1494 986 1554 dum
1007 1499 1143 1568 coenant,

182 1583 215 1643 in
229 1584 312 1646 leotis
332 1606 446 1665 semper
461 1588 621 1667 jacebant).
666 1590 765 1662 “Tu,'’
778 1590 886 1666 inquit,
903 1587 1020 1647 “bodie
1034 1606 1127 1647 ooena
1136 1606 1145 1661 3

184 1678 318 1755 equidem
342 1681 406 1740 heri
430 1684 569 1757 ooenavi;
603 1703 665 1742 oras
692 1703 810 1761 qnoque
836 1684 864 1744 si
891 1683 938 1741 dis
966 1683 1009 1741 ita
1035 1681 1143 1758 placet,

184 1772 335 1834 ooenab0.”
432 1797 434 1802 ·

362 1956 364 1965 ‘
390 1958 441 2039 84.
463 1959 610 2041 Honesty
625 1960 655 2026 is
669 1960 722 2025 tte
736 1960 804 2025 best
816 1959 937 2042 Policy.

224 2105 344 2185 Pedius,
359 2112 483 2189 agricola
497 2114 614 2191 probus,
626 2114 678 2192 qni
688 2114 782 2173 multo
796 2113 896 2173 labore
905 2112 1019 2191 aliquid
1030 2113 1143 2189 argenti

183 2200 344 2279 eollegerat,
365 2224 483 2265 vsooam
510 2208 632 2267 tandem
653 2209 733 2284 emit,
755 2209 841 2285 enjus
867 2209 944 2266 laete
971 2211 1003 2265 et
1026 2225 1090 2265 sese
1113 2211 1142 2264 et

183 2294 291 2357 liberos
303 2297 406 2361 alebat
432 2346 436 2357 .
452 2298 624 2378 Complures
641 2321 756 2361 menses
775 2302 847 2362 satis
867 2299 970 2377 pabuli
984 2299 1141 2377 praebebat

182 2391 299 2467 piatum
320 2391 400 2451 baud
421 2392 463 2453 ita
483 2413 621 2472 magnum
632 2416 641 2469 ;
660 2400 693 2455 at
712 2395 810 2455 medie
829 2399 947 2467 aestate,
962 2392 1043 2469 quod
1062 2398 1141 2452 totus

182 2504 250 2563 ager
268 2484 369 2546 ardore
390 2486 460 2547 solis
481 2488 653 2563 torrebatur,
667 2489 720 2548 illa
739 2490 817 2548 fame
837 2488 942 2547 misere
969 2505 1068 2563 pressa
1087 2491 1138 2544 est

183 2578 249 2639 Hoo
263 2578 316 2639 ubi
330 2582 422 2641 sensit
441 2581 560 2655 Pedius,
576 2583 656 2659 quod
675 2583 814 2641 acerrimo
834 2581 934 2639 dolore
957 2578 1141 2656 perturbatas

184 2678 236 2747 est,
251 2672 289 2733 ad
309 2672 446 2735 horreum
466 2675 569 2735 divitis
588 2675 694 2749 coloni,
708 2676 763 2753 qui
775 2694 836 2733 non
857 2672 959 2751 procul
979 2670 1138 2745 habitabat,

185 2772 275 2825 nootu
288 2769 415 2829 aooessit
459 2766 518 2829 Hlo
538 2774 693 2846 postquam
714 2768 851 2828 humeros
871 2784 977 2843 magno
990 2764 1053 2823 feni
1072 2783 1140 2841 pon-

186 2860 254 2919 dere
278 2863 418 2938 onerarit,
441 2862 539 2923 subito
561 2882 631 2921 suae
651 2862 772 2921 virtutis
798 2879 911 2920 memor
934 2857 1076 2935 pabulum
1094 2857 1141 2915 his

185 2953 283 3014 verbis
296 2955 334 3014 ed
347 2962 453 3017 terram
467 2956 574 3033 dejeoit
585 2975 594 3030 3
617 2958 635 2988 “
644 2954 754 3031 Magna
773 2958 819 3013 est
839 2951 977 3029 probitas,
993 2968 1047 3008 neo
1066 2949 1140 3009 malo

184 3048 264 3109 furto
277 3068 394 3110 vaeosm
408 3068 522 3110 servare
535 3048 630 3109 volo.'’
670 3047 817 3108 Postridie
837 3045 968 3116 colonus,
983 3061 1071 3120 quem
1087 3062 1139 3102 neo

185 3142 296 3203 fautum
317 3162 371 3203 neo
392 3144 481 3204 rerba
501 3143 589 3203 Pedii
608 3141 781 3214 fefellerant,
796 3141 907 3199 donum
928 3137 967 3195 ad
979 3155 1048 3196 eum
1063 3136 1140 3196 misit

185 3243 303 3297 tantum
316 3236 386 3311 feni,
402 3243 545 3313 quantum
559 3237 690 3315 plaustro
704 3234 775 3295 vehi
792 3238 915 3311 poterat,
931 3250 998 3290 oum
1013 3230 1138 3308 epistola,

184 3329 218 3391 in
242 3333 301 3406 qui
324 3329 395 3388 haee
418 3330 527 3408 scripta
550 3334 652 3403 erant3
684 3327 823 3405 “Magna
843 3343 913 3385 vero
937 3329 982 3383 est
1006 3322 1138 3401 probitas,

185 3422 321 3498 equidem
335 3427 434 3482 tamen
447 3428 529 3481 tuem
543 3440 660 3480 vaeoam
673 3438 787 3480 serrare
800 3417 895 3479 volo.”
