2425 3850
175 257 215 316 84
513 253 790 321 translations.

175 456 229 512 est
271 452 346 511 Tum
360 452 448 526 cives,
463 452 543 529 quod
556 452 630 511 duri
650 452 713 529 lege
727 451 805 511 viros
819 470 880 510 una
900 469 967 510 oum
987 449 1131 510 uxoribus

176 544 312 622 sepelire
331 543 435 621 solent,
471 545 615 605 Sinonem
648 545 751 604 vivum
785 562 854 603 cunr
888 562 979 602 uxore
1016 547 1132 603 mortua

176 637 299 701 funibus
322 637 484 697 demittunt
507 638 539 696 in
562 643 683 715 puteum
707 637 975 714 profundumque
999 637 1132 714 sepulcro
1194 703 1195 732 1

176 750 257 808 reges
278 731 359 790 illius
380 736 471 790 torrae
491 731 658 792 utebantur.
702 731 782 790 Huic
803 736 903 790 tamen
922 730 960 790 ab
978 730 1061 789 omni
1081 750 1132 808 spe
1194 735 1195 738 ’

177 825 281 884 solutis
294 825 450 884 intercluso
461 825 579 884 fortuna
593 824 731 902 patefecit
743 825 806 884 iter.
850 823 944 883 Sinon
955 825 1043 898 enim,
1055 825 1133 884 fame
1194 831 1195 836 ’

176 918 295 994 sitique
314 919 379 994 jam
399 919 565 990 moriturus,
587 917 708 994 vulpem
732 918 818 991 vidit,
840 937 914 994 quae
942 917 1133 977 cadaveribus

177 1012 355 1074 vescebatur.
399 1012 493 1087 Quam
507 1031 559 1088 per
571 1013 636 1070 vias
650 1011 777 1071 occultas
798 1012 850 1070 diu
871 1017 997 1084 secutus,
1011 1031 1132 1088 parvam

177 1105 290 1178 rimam,
318 1110 377 1183 qua
403 1106 467 1183 ipsi
500 1111 622 1183 puteum
656 1107 823 1180 intraverat,
852 1106 972 1165 tandem
1005 1107 1130 1167 invenit
1194 1153 1195 1164 ,

178 1199 253 1258 Inde
268 1199 371 1273 Sinon,
386 1206 541 1276 postquam
554 1204 660 1277 magna
679 1200 711 1259 vi
731 1201 813 1259 nisus
832 1200 963 1276 lapidem
981 1199 1131 1277 ingentem
1194 1183 1195 1196 ἵ

177 1299 381 1366 summoverat,
392 1312 423 1352 se
436 1293 581 1367 liberavit,
593 1298 682 1370 atque
695 1293 732 1351 ad
746 1312 825 1352 oram
839 1294 1015 1352 maritimam
1028 1295 1129 1354 evasit.
1194 1321 1195 1330 ¹

381 1519 449 1586 125.
469 1495 546 1569 'The
561 1504 631 1571 Old
640 1505 728 1569 Man
744 1505 847 1588 osthe
861 1506 935 1570 Sea.

218 1641 313 1701 Sinon
326 1661 378 1718 per
390 1640 475 1699 littus
488 1642 619 1718 quinque
633 1641 727 1699 millia
741 1661 879 1720 passuum
890 1646 1020 1718 vagatus,
1032 1661 1132 1702 senem
1194 1653 1195 1712 l

177 1735 323 1812 quendam
333 1737 366 1794 in
376 1736 440 1812 ripa
449 1735 579 1794 fluminis
589 1736 740 1794 sedentem
750 1735 873 1796 invenit
917 1735 977 1794 Hic
989 1734 1132 1795 Sinonem

177 1848 208 1886 se
236 1834 316 1886 trans
349 1827 460 1887 flumen
493 1827 631 1906 humeris⁸
650 1833 845 1905 transportare
870 1829 968 1904 jussit.
1025 1828 1131 1906 Itaque

177 1920 279 1995 Sinon,
295 1941 382 1998 qnam
395 1922 474 1981 senis
486 1921 597 1981 infirmi
617 1922 757 1997 miseruit,
774 1942 841 1982 eum
861 1922 893 1981 in
914 1922 1051 1982 humeros
1065 1924 1132 1983 sub

175 2016 295 2091 levavit,
311 2016 350 2088 id,
366 2016 445 2092 quod
465 2016 640 2092 imperatum
655 2022 707 2091 est,
723 2018 860 2076 facturus.
905 2015 1002 2075 Senex
1022 2023 1129 2093 autem,

176 2109 266 2167 simul
288 2110 322 2167 iu
343 2109 407 2167 loco
430 2109 551 2167 firmiter
574 2108 660 2182 sedit,
682 2110 814 2169 cruribus
837 2109 946 2169 collum
967 2110 1129 2187 amplexus,

176 2202 317 2262 Sinonem
344 2221 419 2260 onus
446 2203 589 2279 deponere
617 2203 776 2279 prohibuit
820 2203 896 2261 Tum
925 2202 1027 2277 Sinon,
1051 2204 1131 2280 quod

174 2295 280 2354 luctari
313 2315 374 2354 non
408 2295 542 2368 audebat,
571 2314 660 2355 senex
694 2296 773 2355 enim
800 2297 864 2355 diro
891 2296 1030 2374 amplexu
1063 2316 1129 2356 eum

175 2389 343 2462 suffocabat,
367 2389 520 2447 dominum
542 2388 601 2448 huc
626 2390 697 2448 illuc
725 2409 777 2469 per
803 2394 900 2448 totum
922 2390 1000 2448 diem
1023 2389 1129 2449 vehere

174 2489 291 2542 coactus
317 2488 370 2542 est
412 2483 476 2541 Nec
501 2501 560 2541 nox
587 2483 695 2543 laboris
718 2484 808 2541 finem
829 2484 907 2556 fecit,
931 2501 1022 2542 senex
1049 2484 1128 2543 enim

175 2577 264 2635 etiam
277 2577 424 2635 dormiens
445 2577 594 2652 captivum
615 2577 707 2635 artius
728 2576 965 2653 amplectebatur.
1006 2577 1128 2636 Postero

174 2676 273 2728 tamen
287 2670 344 2742 die,
359 2669 430 2728 dum
440 2670 527 2746 jussu
540 2670 653 2728 domini
673 2688 724 2746 per
737 2669 841 2728 silvam
862 2670 918 2727 iter
937 2668 1019 2741 facit,
1033 2669 1127 2729 Sinon

173 2771 292 2840 repente
306 2769 394 2840 capnt
407 2764 486 2822 senia
498 2761 611 2822 arboris
624 2782 712 2837 remo,
724 2763 777 2839 qui
789 2762 987 2840 impendebat,
999 2764 1127 2822 maximi

172 2858 205 2917 ri
223 2857 362 2917 admovit
408 2857 473 2932 Quo
496 2857 558 2916 ictu
582 2856 763 2934 stupefactus
786 2875 877 2915 senex
898 2875 981 2915 crura
1003 2856 1124 2929 brevit,

173 2957 260 3029 atque
274 2952 312 3009 ad
325 2957 430 3010 terram
445 2950 638 3010 moribundus
652 2951 764 3011 cecidit

400 3140 469 3205 126.
491 3140 581 3203 How
596 3137 713 3222 topick
730 3138 912 3207 Cocoanuts.

209 3277 274 3337 Tali
287 3276 416 3354 periculo
428 3275 472 3334 ita
484 3274 625 3335 liberatus
639 3275 734 3335 Sinon
748 3275 820 3335 dum
833 3294 885 3352 per
898 3275 1004 3335 silvam
1018 3274 1121 3353 pedem

167 3372 266 3444 refert,
287 3369 495 3429 mercatoribus
518 3369 646 3430 occurrit
672 3368 872 3446 compluribus
895 3368 948 3445 qui
971 3368 1009 3428 ad
1032 3388 1122 3429 nuces

164 3463 325 3543 carpendas
336 3462 429 3523 ibent
472 3462 550 3539 Cum
562 3462 611 3522 hia
624 3482 655 3523 se
671 3464 794 3541 jungere
809 3459 970 3524 coustituit
1012 3463 1120 3538 Nuces,
