2425 3850
430 243 709 314 'Iranslations

337 527 417 595 ·117.
444 511 511 576 The
525 510 679 576 Rcbber’s
695 512 786 579 Cave.

131 657 244 717 Balbus
270 656 403 734 agricola,
433 656 486 733 qui
512 656 545 714 in
571 656 662 714 silvas
695 655 776 732 ligna
803 677 917 716 caesum
944 658 1046 729 iverat,

87 752 228 830 virgultis
242 751 373 810 occultus
387 769 523 827 magnam
535 768 657 808 manum
677 749 834 822 latronum,
849 752 901 826 qui
915 751 1046 825 adibant,

87 848 176 906 vidit
221 845 280 920 Qui
301 845 373 903 dum
392 845 563 921 perterritus
582 843 700 901 nullum
720 863 827 902 sonum
847 845 930 904 edere
948 846 1046 920 audet,

89 941 156 999 dux
189 940 252 1016 ipse
285 939 433 996 latronum
459 936 633 996 altissimam
667 955 769 1013 rupem
804 956 952 1014 aggressus
983 958 1046 997 eam

89 1035 196 1094 dextri
229 1031 367 1110 pulsavit,
403 1031 475 1090 haec
508 1031 633 1104 locutus,
671 1030 789 1107 “Aperi
821 1037 851 1090 te
884 1032 1046 1093 horreum.”

90 1128 208 1204 Quibus
222 1126 319 1185 verbis
334 1124 480 1206 (mirabile
494 1125 576 1183 dictu
587 1124 608 1202 1)
625 1124 701 1183 iores
722 1124 829 1183 celatae
849 1127 954 1202 aperiri
967 1119 1047 1186 visas

90 1227 172 1296 sunt,
188 1226 372 1297 antrumque
385 1220 489 1296 ingens
502 1218 641 1296 patefieri.
684 1217 760 1276 Inde
780 1217 915 1291 latrones,
929 1226 1047 1278 antrum

89 1315 224 1393 ingressi,
246 1334 341 1387 onera,
363 1332 439 1390 quae
459 1313 625 1390 portabant,
645 1312 850 1389 deposuerunt,
872 1313 1047 1390 iterum—quc

90 1409 214 1485 regressi
238 1428 254 1467 e
278 1411 436 1484 conspectu
463 1407 665 1465 discesserunt.
707 1403 824 1464 Deinde
851 1405 970 1481 Balbus,
996 1408 1049 1484 qui

91 1504 213 1562 tandem
241 1522 257 1561 e
284 1501 403 1560 latebris
427 1501 506 1559 exire
530 1519 618 1559 ausus
642 1504 694 1572 est,
719 1499 825 1558 iisdem
848 1499 945 1559 verbis
968 1520 1047 1575 usus,

91 1616 196 1674 rupem
210 1597 273 1673 ipse
286 1595 425 1673 pulsavit,
437 1599 623 1669 antrum-que
636 1593 774 1669 patefecit
787 1613 856 1653 auro
870 1593 1048 1672 completum

93 1695 124 1750 et
145 1695 273 1766 argento,
288 1689 368 1765 quod
389 1687 580 1747 aviatoribus
600 1692 717 1763 raptum
737 1686 864 1746 latrones
884 1689 917 1746 in
937 1707 971 1747 eo
984 1688 1048 1747 loco

92 1784 276 1843 abdiderant.
320 1782 385 1857 Quo
398 1781 466 1840 visu
485 1781 629 1840 attonitus
650 1799 711 1838 sese
731 1799 820 1855 quam
840 1782 968 1840 maximo
986 1783 1050 1841 auri

93 1875 223 1955 pondere
236 1875 377 1949 oneravit,
393 1874 580 1951 domumque
593 1873 688 1932 laetus
701 1873 797 1933 rediit.

316 2071 384 2133 118.
410 2068 541 2152 caught
553 2067 593 2150 by
607 2068 661 2132 tte
672 2067 822 2133 Robbers.

136 2216 231 2275 Balbo
250 2219 312 2273 erat
331 2214 420 2273 frater
439 2212 559 2272 nomine
580 2211 677 2286 Caius,
693 2214 740 2271 vir
760 2213 842 2271 dives
863 2213 914 2271 sed
934 2233 1047 2277 avarus.

94 2308 155 2369 Hic
175 2308 213 2367 de
232 2309 351 2366 fortuna
370 2306 457 2365 Balbi
477 2324 529 2382 per
548 2324 670 2363 uxorem
690 2306 795 2363 certior
814 2304 909 2364 faetus
929 2306 1049 2367 fratrem

94 2422 210 2461 samen
236 2401 321 2474 illud,
349 2419 408 2477 quc
435 2405 553 2459 antrum
579 2398 686 2475 aperiri
711 2403 833 2475 poterat,
862 2400 933 2458 diris
960 2402 1050 2461 minis

93 2496 246 2572 divulgare
272 2495 374 2570 coegit
418 2494 523 2569 Itaque
549 2512 618 2553 cum
644 2492 739 2551 tribus
766 2492 855 2551 asinis
881 2493 920 2551 sd
947 2514 1072 2571 rupem¹

93 2590 249 2666 profectus,
264 2587 428 2663 verbisque
441 2586 560 2663 magicis
573 2604 652 2657 usus,
665 2591 782 2643 antrum
796 2586 926 2661 intravit,
942 2589 1056 2661 asinos·

92 2701 150 2758 que
163 2700 234 2741 auro
248 2681 388 2743 oneravit
1054 2748 1055 2752 ,

135 2776 212 2835 Mox
231 2781 330 2835 autem
343 2774 397 2833 ubi
409 2774 504 2833 redire
518 2773 623 2849 voluit,
639 2772 776 2832 carminis
790 2772 909 2848 oblitus,
927 2775 1048 2854 “Aperi

93 2872 153 2946 te,”
160 2870 268 2946 iuquit,
280 2869 444 2928 “hordeum
451 2870 480 2939 ;''
489 2868 682 2943 cuivcciquia
689 2868 765 2927 fores
773 2871 871 2944 parcre
879 2870 1046 2946 noluerunt,

93 2984 148 3023 nac
158 2964 296 3023 carminis
305 2963 397 3039 ipsius
407 2962 574 3021 meminisse
584 2967 698 3038 poterat
710 2960 820 3040 (tantae
834 2963 912 3021 enim
926 2964 1048 3025 divitiae

93 3059 236 3117 rationem
246 3057 339 3116 animi
352 3053 574 3133 perturbabant)
585 3075 602 3113 a
613 3055 776 3115 latronibus
789 3056 872 3115 brevi
882 3064 985 3133 captus
993 3066 1046 3119 est

94 3151 139 3210 Hi
158 3157 314 3228 postquam
333 3151 431 3209 virum
451 3148 557 3225 gladiis
576 3146 793 3221 interfecerunt,
808 3168 912 3227 corpus
933 3153 997 3228 ejus
1015 3154 1048 3213 in

93 3251 232 3322 quattuor
265 3249 362 3321 partes
388 3243 520 3303 divisum
553 3241 633 3301 intra
667 3248 784 3301 antrum
821 3246 1046 3321 suspenderunt.

92 3339 213 3399 Postera
226 3343 325 3397 autem
338 3337 388 3397 die
400 3336 520 3410 Balbus,
535 3335 597 3413 qui,
612 3354 674 3395 rem
687 3337 859 3413 suspicatus,
874 3338 971 3399 locum
984 3340 1048 3418 ipse

11 3421 13 3504 t
90 3434 209 3509 adierat,
224 3438 315 3492 noctu
329 3432 458 3491 membra
471 3431 568 3490 fratris
583 3450 619 3488 ex
633 3436 716 3491 antro
731 3432 846 3508 eripuit.
