2425 3850
293 623 299 632 ⁰
367 649 434 716 147.
464 633 530 696 Tae
544 634 577 697 Α
582 634 670 698 ttack
683 655 724 698 cn
740 634 792 698 the
809 634 922 701 Castle.

203 801 359 878 Spartacus
378 804 450 862 olim
476 805 613 882 princeps
641 823 741 864 earum
767 804 908 882 gentium,
936 822 1011 880 quae
1039 809 1122 866 trans

162 895 301 954 Rhenum
335 898 518 971 habitabant,
547 917 683 974 magnam
718 898 822 956 turrim
856 896 938 956 haud
972 898 1077 974 procul
1104 918 1123 958 a

161 987 283 1048 flumine
297 990 506 1053 aedificaverat
549 991 627 1050 Inde
645 1010 711 1049 cum
732 991 793 1050 suis
813 989 959 1048 militibus
979 991 1122 1067 plurimas

162 1084 343 1143 incursiones
367 1086 400 1143 in
424 1104 507 1162 egros
526 1085 668 1144 finitimos
687 1084 782 1143 facere
801 1084 907 1143 solitus
927 1089 980 1156 est,
1002 1090 1039 1143 ut
1058 1085 1122 1162 igni

161 1177 306 1253 ferroque
320 1178 417 1237 omnia
431 1183 565 1237 vastaret
610 1177 837 1252 Quamobrem
857 1196 997 1252 magnum
1017 1176 1121 1236 odium

162 1269 323 1330 incolarum
348 1270 431 1329 urhis
454 1271 598 1330 finitimae
621 1276 793 1348 susceperat.
837 1270 880 1328 Hi
901 1270 1000 1346 igitur,
1026 1290 1121 1346 quum

161 1362 284 1439 injurias
307 1364 389 1422 illius
412 1383 474 1422 non
498 1364 612 1424 diutins
632 1363 754 1422 tolerare
776 1368 904 1440 possent,
918 1364 1061 1424 'universi
1087 1365 1122 1424 in

161 1476 260 1516 muros
280 1457 423 1533 impetum
436 1457 576 1517 fecerunt.
619 1456 684 1516 Diu
704 1461 734 1516 et
754 1457 858 1516 acriter
878 1462 1043 1534 pugnatum
1063 1465 1117 1518 est

161 1550 291 1610 Tandem
305 1551 448 1628 princeps,
463 1550 543 1627 quod
557 1556 723 1610 commeatu
737 1550 858 1610 omnino
872 1550 1048 1610 interclusus
1063 1556 1118 1625 est,
1198 1619 1199 1626 ἵ

161 1643 271 1720 legatos
292 1645 330 1704 sd
350 1664 400 1703 eos
423 1645 461 1704 de
485 1644 635 1724 deditione
657 1644 746 1706 misit
791 1644 891 1719 Quum
914 1650 1013 1704 tamen
1038 1644 1119 1705 cives
1198 1711 1199 1724 2

161 1738 231 1796 irati
251 1757 351 1816 pacem
373 1738 441 1798 dare
462 1738 574 1798 vellent
587 1743 621 1798 esa
641 1738 729 1798 modo
749 1738 926 1811 conditione,
941 1744 976 1797 ut
996 1739 1060 1816 ipse
1082 1741 1121 1799 ad

164 1832 342 1909 supplicium
356 1832 525 1906 traderetur,
539 1832 638 1908 iguem
652 1832 726 1892 turri
740 1831 894 1891 admovere
908 1832 1071 1906 constituit,
1088 1839 1120 1892 et

162 1945 224 1985 sese
238 1945 357 2004 suaque
371 1926 469 1985 omnia
482 1926 619 1985 incendio
633 1945 810 1985 consumere.

251 2260 320 2339 148.
347 2260 379 2323 T
375 2258 414 2322 lte
433 2259 556 2323 Attack
570 2280 611 2323 cn
634 2259 686 2323 tlte
703 2258 810 2326 Castle
824 2258 1032 2343 (continued).

202 2434 290 2510 Quod
304 2434 357 2493 nbi
370 2435 508 2511 cognorit
522 2453 597 2493 uxor
617 2432 758 2511 Spartaci,
772 2433 883 2493 femina
903 2453 1034 2497 summae
1051 2454 1120 2495 con·

161 2529 294 2601 stantiae,
316 2528 378 2587 sola
403 2528 514 2588 vellum
541 2526 696 2587 ascendere
721 2546 791 2586 ausa
815 2533 859 2586 eat
885 2546 953 2587 curn
980 2527 1120 2591 hostibus

160 2622 348 2699 colloquendi
373 2626 468 2681 causa
513 2621 669 2694 “Nolite”
697 2621 803 2697 inquit,
828 2621 934 2681 “cives
953 2622 1117 2697 victoriam,

159 2736 249 2793 quam
263 2717 471 2792 reportavistis‚
486 2715 569 2775 clade
583 2715 709 2774 feminae
723 2715 877 2775 defamata.
919 2714 999 2774 Mihi
1012 2716 1118 2776 saltem

158 2808 245 2868 liceat
260 2829 276 2867 e
290 2809 364 2868 turri
377 2808 524 2867 discedere
540 2827 609 2867 oum
629 2826 663 2867 eo
685 2808 780 2881 modo,
795 2808 876 2883 quod
892 2808 966 2867 meis
986 2808 1118 2869 humeris

158 2908 274 2979 portare
297 2902 433 2979 possim”
474 2901 553 2962 Inde
576 2901 664 2976 cives,
686 2900 766 2977 quod
786 2900 824 2960 ab
844 2900 896 2960 illa
916 2900 1011 2961 multu
1031 2902 1118 2962 bene-

157 2996 226 3055 ficia
253 3002 430 3073 acceperant,
452 2996 493 3071 id,
518 2995 598 3072 qnod
626 2995 723 3072 petiit,
748 2994 875 3055 libenter
901 3002 1115 3059 concesserunt

159 3088 249 3149 Brevi
262 3098 370 3164 autam,
381 3091 454 3149 dum
468 3108 568 3149 omues
578 3088 739 3149 adventum
750 3089 814 3165 ejus
825 3094 990 3166 expectant,
1003 3094 1118 3167 aports'a

158 3184 303 3261 patefacti
316 3182 436 3260 egressi
452 3183 562 3242 femina
575 3182 660 3243 fortis
674 3182 712 3242 ed
729 3188 822 3243 castre
842 3182 973 3241 hostium
993 3184 1117 3246 accessit

157 3297 226 3337 cum
252 3279 384 3354 conjuge,
413 3296 500 3353 quem
528 3277 561 3335 in
588 3275 726 3336 humeros
752 3275 940 3335 sublevatum
967 3276 1113 3353 portabat

158 3370 234 3429 Inde
253 3370 333 3428 cives
352 3370 493 3427 virtutem
513 3368 641 3428 feminac
660 3368 768 3443 mirati,
789 3368 870 3445 quod
893 3368 984 3428 fidem
1013 3368 1115 3431 datam

157 3462 267 3522 violare
283 3462 450 3537 noluerunt,
466 3465 496 3521 et
509 3461 629 3539 conjugi
643 3466 674 3521 et
687 3461 771 3521 uxori
786 3466 985 3539 pepercerunt.
