2425 3850
63 299 69 310 ,
167 228 204 284 12
502 227 778 297 Translations.

164 425 214 484 via
233 427 347 504 patebit
367 433 396 487 et
411 429 506 490 undae
519 428 701 507 superabunt
713 435 826 490 terram.
870 431 1032 508 supervus
1046 448 1123 507 puer

164 518 246 579 videt
266 521 446 598 perieulum
465 523 566 582 statim
586 524 690 584 dextri
709 524 814 602 implet
833 525 936 583 rimam
957 529 987 583 et
1007 530 1123 583 eoeroet

163 630 276 688 aquam.

347 788 375 851 8.
403 787 435 850 T
431 786 470 850 ize
483 787 610 852 Broken
625 787 714 852 Dike
727 787 933 872 (continued).

205 912 267 972 Diu
295 917 325 972 et
352 919 517 975 constanter
543 936 617 992 puer
646 915 781 976 servabat
808 916 992 994 praesidium.
1047 914 1119 974 Jam

164 1007 294 1065 membra
326 1008 467 1085 rigebant,
502 1013 533 1069 ut
566 1029 657 1087 parva
690 1011 794 1070 dextra
823 1029 937 1087 semper
970 1010 1120 1068 coercebat

163 1118 276 1175 aquarn.
320 1102 463 1162 Postridie
476 1104 617 1180 agricolae
634 1104 872 1180 appropinquant
892 1103 996 1162 locum.
1040 1103 1121 1162 Puer

162 1192 287 1268 frigidus
314 1201 344 1255 et
370 1196 565 1257 moribundus
592 1197 696 1256 denua}
728 1201 828 1255 tamen
862 1203 973 1256 coercet
1003 1217 1117 1274 equam.

164 1284 303 1347 celeriter
312 1289 485 1348 confirmant
493 1289 642 1349 tumulum
651 1291 737 1363 saxis,
748 1296 778 1349 et
788 1291 913 1366 implent
923 1291 1025 1349 rimam
1036 1290 1116 1350 limo.

163 1379 238 1438 Tum
253 1382 408 1441 sublevant
421 1382 550 1443 humitis
559 1403 681 1460 puerum
690 1389 885 1459 recreantque
894 1384 968 1443 cibo.
1005 1383 1121 1444 Cimbri

162 1491 247 1550 saepe
267 1476 492 1536 commemdrant
512 1483 623 1536 tantam
639 1477 842 1551 constantiam,
856 1483 1044 1555 narrantque
1057 1478 1120 1538 suis

162 1566 262 1627 liberis
275 1569 385 1630 laetum
399 1571 490 1647 pueri.

444 1795 474 1861 9.
502 1778 534 1842 T
531 1777 570 1841 lte
583 1775 713 1860 Pipess
730 1778 840 1842 Slave.

165 1903 169 1910 ’
204 1905 332 1979 Carolus,
345 1926 417 1984 puer
427 1907 607 1979 inhonestus,
620 1910 680 1965 erat
693 1926 794 1966 servus
805 1905 911 1980 Clodii,
923 1907 981 1966 viri
991 1907 1116 1969 honesti.

164 1998 285 2059 Clodius
313 2006 374 2059 eret
400 2006 511 2078 peritus
531 1999 630 2061 fistule
653 2004 684 2058 et
710 2019 795 2076 saepe
822 1999 985 2059 delectabat
1011 2002 1120 2061 amieos

164 2092 275 2152 canons
288 2095 387 2167 sonis3
407 2099 438 2153 at
451 2113 523 2171 puer
537 2113 597 2152 non
611 2093 727 2152 amabat
741 2093 878 2166 fistulam,
894 2094 946 2152 eed
959 2113 1044 2171 saepe
1058 2101 1121 2155 erat

163 2186 439 2246 molestusdomino.
476 2187 565 2245 Forte
574 2185 706 2263 agricola,
716 2195 832 2245 vicinus
840 2186 946 2259 Clodii,
956 2187 1120 2248 celebrabat

163 2281 280 2357 nuptias
300 2282 384 2355 filiae,
407 2287 559 2357 vocatque
580 2286 610 2338 et
630 2281 783 2339 dominum
803 2286 833 2340 et
853 2301 975 2342 servum.
1020 2282 1119 2342 Coena

163 2382 225 2433 erat
245 2375 374 2452 copidea3
394 2394 494 2433 mensa
514 2374 567 2433 vix
588 2374 753 2433 sustinebat
767 2394 905 2451 magnum
919 2394 1034 2433 caseum
1040 2396 1049 2449 3
1069 2375 1119 2434 hie

163 2473 246 2526 erant
256 2472 319 2543 ὀνκ,
331 2468 393 2527 illie
405 2487 490 2544 poma
496 2490 505 2543 3
525 2472 556 2526 at
566 2467 704 2544 porculus
719 2468 872 2546 praecipue
882 2469 1008 2528 delectat
1019 2468 1119 2529 oeulos

164 2580 362 2621 convivarum.

331 2760 377 2809 10.
405 2744 437 2807 T
434 2744 473 2808 he
487 2744 617 2827 PipeVs
633 2741 734 2810 Sla've
749 2742 956 2827 (continued).

206 2880 356 2940 Convivae
382 2880 488 2957 cupide
516 2884 687 2957 exspectant
715 2879 831 2956 epirlaa3
857 2898 928 2938 mox
955 2880 1121 2942 coenabunt

163 2974 323 3052 splendide.
377 2975 494 3034 Interea
528 2974 645 3047 saltant,
675 2979 705 3034 et
732 2974 869 3033 dominus
898 2974 995 3034 Caroli
1022 2981 1121 3034 cantat

163 3067 268 3127 fistulis
312 3068 355 3126 At
379 3085 451 3144 puer
477 3067 572 3125 avidis
593 3067 686 3126 oeulis
706 3067 812 3125 lustrat
838 3085 968 3126 mensam
989 3054 1122 3127 et⁹videt

164 3161 322 3239 porculum.
366 3160 488 3236 Raptim
501 3159 582 3219 tenet
596 3160 733 3236 praedam
744 3160 855 3233 dextra,
866 3165 897 3219 et
906 3161 1015 3220 frustra
1025 3167 1122 3220 tentat

163 3256 271 3333 fugam.
305 3252 796 3330 AtClodiusoeoupatiirgitivum3
812 3253 1123 3331 resupinatpraedam

164 3348 297 3409 verberat
310 3348 414 3406 bacdlo
428 3352 542 3423 tergum
555 3347 628 3405 mali
641 3347 725 3408 servi.
769 3348 845 3407 Inde
858 3347 980 3409 Corolue
993 3354 1121 3407 maestus

164 3452 195 3504 et
206 3444 327 3521 jejr'rnus
341 3441 392 3500 dat
405 3458 514 3517 poenas
528 3441 599 3499 meli
612 3440 691 3501 facti.
