2425 3850
516 247 793 316 Translations.

465 487 517 566 46.
548 485 616 550 rae
629 485 720 548 Pad
731 485 841 568 Piper.

175 637 179 642 ·
221 623 417 698 Hamelinam,
443 623 545 681 urbem
569 622 803 700 pulcherrimam,
828 624 954 682 vexabat
978 623 1048 682 olim
1074 622 1138 681 dira

179 718 271 795 pestis
281 739 290 792 ς
311 717 438 775 murium
458 717 538 775 enim
558 717 781 775 innumerabilis
800 717 960 775 multitudo
974 735 1035 775 non
1049 717 1137 775 modo

178 813 277 871 omnia
291 811 456 882 devorabat,
472 807 625 869 sedetiam
644 811 781 883 infantes,
796 811 866 869 dum
882 812 1027 887 jacentia
1041 811 1135 883 cunis,

180 905 376 982 oppugnabat.
412 903 538 962 'Incolae
559 904 658 961 omnia
679 904 800 962 consilia
813 904 920 962 frustra
934 908 1137 978 tentaverant3

181 996 308 1072 denique
322 1016 460 1073 magnum
480 997 596 1073 pondus
610 997 722 1072 argenti
738 1003 907 1075 proponunt
920 999 1011 1056 totius
1024 997 1138 1074 generis

180 1092 265 1150 exitii
279 1092 413 1168 pretium
456 1091 522 1148 Hoc
536 1091 600 1166 ipsc
614 1098 743 1166 tempore
753 1092 807 1166 vir,
820 1092 897 1168 picti
908 1097 989 1150 veste
1002 1092 1136 1168 insignis,

181 1185 304 1243 intravit
338 1184 449 1257 urbem,
478 1184 675 1260 laboremque
708 1187 838 1262 suscipit
896 1185 1004 1245 Statim
1032 1205 1137 1262 magna

181 1285 296 1337 caterva
310 1298 377 1337 eum
391 1279 428 1336 ad
442 1278 539 1336 forum
549 1277 677 1336 deducit.
720 1278 788 1337 Huc
801 1279 855 1337 ubi
868 1281 1003 1356 pervenit
1013 1277 1134 1352 adrine,

180 1393 217 1432 ex
232 1373 300 1431 sinu
314 1373 418 1431 tibiam
439 1391 556 1448 parvam
579 1370 714 1444 detrthic,
730 1391 904 1449 paucosque
924 1373 1026 1432 modos
1039 1373 1133 1449 fingit.

180 1466 243 1525 Vix
264 1467 296 1525 id
317 1486 431 1524 carmen
452 1465 820 1538 cessaverat,ubimin1m
841 1466 1006 1542 prodigium
1027 1467 1135 1547 evenit,

180 1562 312 1636 undique
323 1561 401 1618 enim
413 1560 450 1618 ad
461 1579 564 1618 sonum
575 1560 688 1635 ingenti
699 1560 829 1618 tumultu
844 1580 939 1619 mures
950 1567 1134 1619 concurrunt

179 1654 280 1713 Primo
294 1655 467 1724 consistunt,
483 1653 589 1711 deinde
604 1672 713 1726 omnes,
728 1653 796 1726 albi,
811 1654 896 1730 nigri,
908 1673 998 1726 senes,
1010 1655 1137 1730 juvenes

178 1747 217 1805 ad
231 1747 436 1806 modostibiae
456 1746 571 1804 saltant
616 1746 766 1804 Postremo
780 1765 840 1804 uno
853 1747 966 1822 impetu
979 1747 1012 1803 in
1026 1746 1137 1804 flumen

176 1860 192 1898 e
207 1845 364 1917 conspeetu
378 1839 540 1916 desiliunt„

359 2052 410 2118 47.
439 2037 470 2099 T
467 2036 507 2101 lte
519 2036 611 2099 Pied
621 2037 724 2120 Piper
739 2038 946 2122 (continued).

220 2175 320 2234 Primo
341 2175 419 2232 cives
439 2192 500 2231 rem
519 2173 573 2232 vix
587 2173 710 2231 credunt
719 2194 728 2247 3
749 2174 856 2233 deinde
876 2174 1004 2233 laetitiae
1020 2175 1135 2251 ingenti

179 2290 210 2328 se
225 2269 344 2327 dedunt.
387 2266 408 2325 J
410 2286 524 2342 amque
533 2267 642 2325 tibicen
651 2268 697 2326 sui
707 2267 814 2326 laboris
824 2269 983 2344 praemium
995 2269 1132 2345 postulat.

179 2365 222 2422 Ac
241 2364 327 2434 cives,
346 2362 409 2436 jam
430 2360 552 2437 periculi
572 2365 713 2436 expertes,
729 2360 817 2419 fidem
838 2362 945 2436 ingrati
967 2362 1088 2435 violant,
1105 2369 1135 2420 et

178 2474 313 2533 magnam
337 2460 450 2530 partem
475 2454 588 2529 argenti
607 2454 744 2513 retinent.
788 2454 892 2530 Itaque
912 2455 1003 2513 iratus
1028 2457 1133 2514 iterum

178 2551 282 2609 tibiam
291 2548 419 2625 corripit,
430 2546 622 2623 alterum-que
633 2567 748 2606 carmen
758 2548 853 2625 priore
863 2548 1014 2625 pulchrius
1024 2549 1132 2609 fundit.

179 2642 318 2703 Protinus
332 2661 369 2699 cx
384 2641 520 2699 omnibus
535 2641 671 2715 domibps
684 2660 788 2718 magna
802 2661 956 2717 puerorum
976 2643 1134 2719 virginum·

178 2756 235 2813 que
257 2740 371 2793 caterva
383 2735 481 2794 virum
501 2735 600 2810 cingit
645 2734 721 2792 Inde
741 2735 859 2808 tibicen,
874 2735 945 2792 dum
966 2735 1011 2793 illi
1032 2736 1134 2795 choros

176 2828 350 2887 laetissimos
365 2832 463 2903 agunt,
479 2846 579 2885 omnes
594 2826 631 2885 ad
645 2827 842 2903 propinquum
862 2834 988 2886 montem
1005 2828 1129 2887 deducit

177 2923 254 2981 Tum
277 2922 376 2980 miseri
400 2926 533 2997 parentes
557 2939 618 2978 rem
646 2920 805 2978 terribilem
832 2920 952 2994 vident;
980 2940 1047 2980 nam
1071 2922 1134 2998 ipse

177 3017 303 3076 dehiscit
316 3034 401 3074 mons
416 3018 445 3072 et
459 3014 600 3071 immenso
615 3013 699 3072 hiatu
713 3019 805 3072 totam
818 3033 939 3073 manum
952 3016 1066 3093 accipit.

438 3215 490 3295 48.
517 3213 646 3297 caught
659 3214 699 3296 by
713 3214 765 3278 tlte
784 3199 871 3299 Ii’de.

217 3352 370 3423 Canutius,
400 3352 555 3430 Icenorum
581 3369 646 3425 rex,
676 3350 762 3427 longe
789 3351 949 3427 sapientior
976 3358 1037 3413 erat
1067 3354 1134 3414 aliis

80 3448 82 3453 ’
176 3448 298 3525 regibus
344 3445 444 3521 HuJ'us
463 3443 534 3503 olim
548 3462 618 3521 opes
631 3448 662 3502 et
675 3445 876 3504 auctoritatem
897 3466 974 3507 unus
988 3469 1026 3508 ex
1039 3468 1134 3509 assen-
