2425 3850
439 245 714 316 Translations.

302 483 349 551 17.
370 467 473 532 Little
480 467 616 554 Jolznny
630 468 859 533 Hand-in-air.

140 603 301 678 Johannes,
325 604 404 663 filius
432 604 512 681 parci
538 603 717 677 Mercatdris,
743 624 816 680 puer
842 608 904 662 erat
926 602 1052 678 ineptus.

103 697 195 775 Saepe
209 718 261 775 per
276 717 358 775 agros
379 697 556 772 ambilabat,
573 705 602 757 et
621 717 734 775 semper
753 697 877 757 tollebat
897 695 996 756 oculos
1016 694 1054 753 ad

101 791 223 865 caelum,
236 811 289 850 nec
304 792 477 851 observabat
493 791 617 851 hiimum
631 797 700 851 ante
714 790 808 868 pddes.
853 790 950 849 Amici
965 789 1055 866 igitur

98 885 286 963 appellabant
309 904 432 961 puerum
454 885 650 944 “Jobannem
670 883 858 945 aetheriumJ’
899 882 1052 943 «Iohannes

99 979 172 1038 olim
202 983 281 1038 mdre
308 998 361 1038 suo
389 979 565 1039 ambulabat.
624 979 676 1039 Sol
708 978 785 1037 alma
811 978 877 1036 luce
904 975 1054 1053 fulgebat3

99 1071 274 1132 hirundines
297 1072 462 1131 volitabant
472 1093 480 1146 ;
505 1092 573 1132 aves
594 1072 759 1131 cantabant.
804 1071 881 1129 Puer
901 1089 980 1130 more
1001 1088 1053 1127 suo

99 1166 236 1225 observat
263 1164 383 1226 caelum.
405 1166 511 1225 'Eheu
539 1185 600 1225 non
627 1165 710 1226 ridet
737 1164 832 1225 licum
861 1168 929 1223 ante
957 1163 1052 1240 pedes.

102 1258 209 1319 Subito
222 1278 327 1336 magno
341 1260 453 1336 fragore
467 1260 499 1318 in
513 1280 618 1337 aquam
632 1259 750 1318 decidit.
793 1258 836 1317 At
851 1258 978 1334 piscator
993 1275 1055 1314 non

100 1352 188 1428 longe
201 1351 291 1428 abest,
307 1358 337 1411 et
350 1353 440 1411 currit
454 1353 491 1411 ad
507 1353 613 1413 locum.
657 1352 728 1412 Sine
749 1351 830 1411 mira
849 1351 936 1410 hamo
957 1355 1055 1427 captat

100 1452 213 1506 vestem
240 1447 394 1522 Johannis,
423 1447 581 1524 trahit-que
609 1448 647 1506 ad
675 1452 779 1505 terram
807 1465 931 1524 puerum
958 1445 1054 1504 adhuc

101 1560 213 1601 virum.

396 1674 440 1736 18.
458 1672 572 1757 Judge
588 1671 756 1752 Gascoyne.

143 1809 290 1867 Henrious
314 1809 447 1882 1V.‚rsx
471 1808 688 1881 Britannorum,
704 1808 832 1866 habebat
856 1807 971 1884 pigrum
992 1825 1056 1884 pro

101 1903 273 1981 digumoue
300 1903 393 1963 filiurn
405 1923 413 1978 ;
441 1921 508 1962 nam
533 1902 655 1980 juvenis
675 1902 800 1962 nimium
821 1902 937 1962 amabat
964 1900 1057 1960 malos

101 1996 231 2056 comites.
281 1998 369 2056 Forte
401 1996 479 2055 cives
510 2001 647 2055 accusant
677 1996 759 2068 furti,
789 1995 901 2068 Gaium,
930 1995 1056 2054 amicum

101 2089 252 2168 principis,
268 2108 363 2148 coram
381 2090 488 2167 judice.
532 2089 674 2165 Princeps
694 2088 828 2166 propinat
847 2089 885 2148 ad
905 2088 1011 2162 locum,
1027 2093 1058 2147 et

102 2185 175 2243 diris
195 2183 284 2242 minis
305 2184 434 2261 postulat
454 2183 570 2243 niniam
592 2182 700 2259 delicti.
743 2185 787 2243 At
804 2184 905 2260 judex,
921 2189 1057 2261 strenuus

100 2277 157 2350 vir,
169 2274 256 2353 uiget
266 2276 390 2336 reniam.
421 2276 563 2354 Princeps
576 2276 667 2353 igitur
677 2276 795 2354 stringit
808 2276 946 2353 glidium.
981 2276 1055 2334 Tum

100 2368 195 2445 judex
219 2368 313 2428 vincit
337 2368 446 2427 catenis
466 2370 625 2445 superbum
646 2370 795 2446 juvenem.
838 2368 910 2427 Post
933 2374 1056 2426 mortem

102 2462 195 2539 patris
223 2462 342 2539 juvenis
373 2462 529 2538 Henricus,
554 2463 618 2540 jam
646 2482 706 2537 rex,
736 2462 788 2520 dat
815 2461 904 2538 digna
930 2460 1059 2538 praemia

99 2555 205 2633 judici,
220 2554 377 2633 habet-que
391 2556 424 2615 in
438 2555 557 2616 numdro
572 2555 737 2615 amicorum

349 2768 395 2833 19.
420 2751 546 2832 Alfred
556 2750 628 2814 and
641 2748 693 2815 tlte
711 2749 818 2815 Cakes.

143 2885 301 2959 Alursdus,
313 2905 365 2945 rex
379 2886 595 2959 Britannomm,
612 2904 697 2962 saepe
711 2885 860 2962 pugnabat
874 2904 940 2945 cnm
955 2886 1057 2947 Danis.

103 2981 237 3040 Primum
258 2980 340 3039 Dani
362 2980 518 3040 vincebant
532 2979 624 3056 regias
638 2980 743 3056 copias,
759 2985 789 3038 et
802 2999 861 3054 rex,
877 2981 969 3055 exsul,
985 2982 1061 3057 petit

102 3072 266 3150 hospitium
280 3072 317 3131 ab
331 3071 436 3131 inediis
456 3091 561 3151 parvae
575 3071 664 3132 cdseo.
707 3072 834 3145 Incolae,
849 3073 936 3132 inscii
949 3073 1060 3150 iigilrae

102 3167 188 3244 rogis,
210 3166 336 3242 benigne
357 3165 497 3243 praebent
517 3166 628 3243 hospiti
650 3166 785 3242 exiguam
806 3184 925 3225 coenam
945 3167 1062 3226 durum·

103 3282 163 3341 que
193 3263 309 3323 lectum.
354 3246 500 3322 Postridie
528 3267 655 3341 pergunt
681 3263 719 3322 ad
746 3262 881 3322 labdrem.
925 3263 1062 3341 Agricola

103 3356 198 3436 pascit
209 3355 296 3430 dvss;
317 3375 392 3415 uxor
402 3356 494 3415 verrit
507 3357 611 3431 aedas3
632 3375 684 3415 rex
696 3356 830 3415 incendit
843 3356 949 3433 ignem,
962 3362 1062 3417 torret

104 3470 163 3529 que
176 3450 245 3510 liba
289 3450 363 3509 Mox
377 3455 485 3526 tamen,
495 3450 574 3528 quod
589 3451 695 3510 anxius
709 3448 811 3508 multis
824 3450 900 3509 curis
913 3449 1062 3511 Aluredus

160 3570 299 3619 omasi-rm
565 3546 585 3594 B
