<?xml version="1.0" encoding="UTF-8"?>
<!DOCTYPE html PUBLIC "-//W3C//DTD XHTML 1.0 Transitional//EN"
    "http://www.w3.org/TR/xhtml1/DTD/xhtml1-transitional.dtd">
<html xmlns="http://www.w3.org/1999/xhtml" xml:lang="en" lang="en">
 <head>
  <title>
</title>
<meta http-equiv="Content-Type" content="text/html;charset=utf-8" />
  <meta name='ocr-system' content='tesseract 3.04.00' />
  <meta name='ocr-capabilities' content='ocr_page ocr_carea ocr_par ocr_line ocrx_word'/>
</head>
<body>
  <div class='ocr_page' id='page_1' title='image "./gradatim01kinggoog/gradatim01kinggoog_0082.png"; bbox 0 0 2425 3850; ppageno 0'>
   <div class='ocr_carea' id='block_1_1' title="bbox 514 251 794 320">
    <p class='ocr_par' dir='ltr' id='par_1_1' title="bbox 514 251 794 320">
     <span class='ocr_line' id='line_1_1' title="bbox 514 251 794 320; baseline -0.007 0"><span class='ocrx_word' id='word_1_1' title='bbox 514 251 794 320; x_wconf 78' lang='lat' dir='ltr'><strong>Translattons.</strong></span> 
     </span>
    </p>
   </div>
   <div class='ocr_carea' id='block_1_2' title="bbox 253 591 958 660">
    <p class='ocr_par' dir='ltr' id='par_1_2' title="bbox 253 591 958 660">
     <span class='ocr_line' id='line_1_2' title="bbox 253 591 958 660; baseline 0.007 -5"><span class='ocrx_word' id='word_1_2' title='bbox 253 634 255 642; x_wconf 69' lang='lat'><strong>,</strong></span> <span class='ocrx_word' id='word_1_3' title='bbox 353 591 507 658; x_wconf 81' lang='lat' dir='ltr'>PIEOES</span> <span class='ocrx_word' id='word_1_4' title='bbox 529 593 617 658; x_wconf 87' lang='lat' dir='ltr'><strong>FOR</strong></span> <span class='ocrx_word' id='word_1_5' title='bbox 639 591 958 660; x_wconf 85' lang='lat' dir='ltr'><strong>TRANSLATION.</strong></span> 
     </span>
    </p>
   </div>
   <div class='ocr_carea' id='block_1_3' title="bbox 321 723 997 844">
    <p class='ocr_par' dir='ltr' id='par_1_3' title="bbox 321 723 997 844">
     <span class='ocr_line' id='line_1_3' title="bbox 321 723 997 844; baseline 0.001 -19"><span class='ocrx_word' id='word_1_6' title='bbox 321 723 389 825; x_wconf 16' lang='lat'>101⁴.</span> <span class='ocrx_word' id='word_1_7' title='bbox 418 761 485 825; x_wconf 71' lang='lat' dir='ltr'><strong>The</strong></span> <span class='ocrx_word' id='word_1_8' title='bbox 504 762 695 844; x_wconf 81' lang='lat' dir='ltr'><strong>Trumpeter</strong></span> <span class='ocrx_word' id='word_1_9' title='bbox 707 761 781 825; x_wconf 84' lang='lat' dir='ltr'><strong>and</strong></span> <span class='ocrx_word' id='word_1_10' title='bbox 791 761 844 826; x_wconf 76' lang='lat' dir='ltr'><strong>tlte</strong></span> <span class='ocrx_word' id='word_1_11' title='bbox 856 763 997 844; x_wconf 62' lang='grc' dir='ltr'><strong>Ηγεηαε.</strong></span> 
     </span>
    </p>
   </div>
   <div class='ocr_carea' id='block_1_4' title="bbox 116 909 1162 2114">
    <p class='ocr_par' dir='ltr' id='par_1_4' title="bbox 116 909 1138 1456">
     <span class='ocr_line' id='line_1_4' title="bbox 217 909 1137 988; baseline 0.003 -22"><span class='ocrx_word' id='word_1_12' title='bbox 217 909 417 968; x_wconf 85' lang='lat' dir='ltr'><strong>Inveniuntur</strong></span> <span class='ocrx_word' id='word_1_13' title='bbox 440 910 472 969; x_wconf 89' lang='lat' dir='ltr'><strong>in</strong></span> <span class='ocrx_word' id='word_1_14' title='bbox 493 910 594 968; x_wconf 76' lang='lat' dir='ltr'><strong>Africa</strong></span> <span class='ocrx_word' id='word_1_15' title='bbox 617 911 694 970; x_wconf 86' lang='lat' dir='ltr'><strong>ferae</strong></span> <span class='ocrx_word' id='word_1_16' title='bbox 718 910 860 988; x_wconf 88' lang='lat' dir='ltr'><strong>plurimae</strong></span> <span class='ocrx_word' id='word_1_17' title='bbox 882 929 914 968; x_wconf 92' lang='lat' dir='ltr'><strong>ac</strong></span> <span class='ocrx_word' id='word_1_18' title='bbox 939 909 1137 986; x_wconf 80' lang='lat' dir='ltr'><strong>saevissimae,</strong></span> 
     </span>
     <span class='ocr_line' id='line_1_5' title="bbox 177 1003 1138 1082; baseline 0 -20"><span class='ocrx_word' id='word_1_19' title='bbox 177 1022 251 1080; x_wconf 85' lang='lat' dir='ltr'><strong>quae</strong></span> <span class='ocrx_word' id='word_1_20' title='bbox 271 1008 362 1062; x_wconf 90' lang='lat' dir='ltr'><strong>noctu</strong></span> <span class='ocrx_word' id='word_1_21' title='bbox 375 1009 495 1080; x_wconf 77' lang='lat' dir='ltr'><strong>vagatae</strong></span> <span class='ocrx_word' id='word_1_22' title='bbox 515 1005 606 1064; x_wconf 82' lang='lat' dir='ltr'><strong>bovas</strong></span> <span class='ocrx_word' id='word_1_23' title='bbox 626 1010 813 1080; x_wconf 84' lang='lat' dir='ltr'><strong>armentaque</strong></span> <span class='ocrx_word' id='word_1_24' title='bbox 833 1005 961 1082; x_wconf 80' lang='lat' dir='ltr'><strong>rapiunt,</strong></span> <span class='ocrx_word' id='word_1_25' title='bbox 977 1003 1138 1079; x_wconf 87' lang='lat' dir='ltr'><strong>aliquando</strong></span> 
     </span>
     <span class='ocr_line' id='line_1_6' title="bbox 116 1091 1138 1158; baseline 0 -3"><span class='ocrx_word' id='word_1_26' title='bbox 116 1091 127 1106; x_wconf 84' lang='lat'><strong><em>‘</em></strong></span> <span class='ocrx_word' id='word_1_27' title='bbox 177 1098 264 1156; x_wconf 84' lang='lat' dir='ltr'><strong>etlam</strong></span> <span class='ocrx_word' id='word_1_28' title='bbox 292 1095 426 1155; x_wconf 90' lang='lat' dir='ltr'><strong>homines</strong></span> <span class='ocrx_word' id='word_1_29' title='bbox 454 1095 632 1158; x_wconf 71' lang='lat' dir='ltr'><strong>dddriuntur.</strong></span> <span class='ocrx_word' id='word_1_30' title='bbox 696 1097 774 1156; x_wconf 90' lang='lat' dir='ltr'><strong>Olim</strong></span> <span class='ocrx_word' id='word_1_31' title='bbox 803 1096 875 1155; x_wconf 94' lang='lat' dir='ltr'><strong>dum</strong></span> <span class='ocrx_word' id='word_1_32' title='bbox 902 1097 1041 1156; x_wconf 80' lang='lat' dir='ltr'><strong>Britanni</strong></span> <span class='ocrx_word' id='word_1_33' title='bbox 1068 1116 1138 1156; x_wconf 88' lang='lat' dir='ltr'><strong>cnm</strong></span> 
     </span>
     <span class='ocr_line' id='line_1_7' title="bbox 175 1190 1137 1268; baseline 0.001 -19"><span class='ocrx_word' id='word_1_34' title='bbox 175 1191 259 1249; x_wconf 79' lang='lat' dir='ltr'><strong>Afris</strong></span> <span class='ocrx_word' id='word_1_35' title='bbox 286 1190 399 1249; x_wconf 88' lang='lat' dir='ltr'><strong>bellum</strong></span> <span class='ocrx_word' id='word_1_36' title='bbox 426 1195 541 1266; x_wconf 84' lang='lat' dir='ltr'><strong>gerunt,</strong></span> <span class='ocrx_word' id='word_1_37' title='bbox 570 1191 691 1250; x_wconf 83' lang='lat' dir='ltr'><strong>tubicen</strong></span> <span class='ocrx_word' id='word_1_38' title='bbox 718 1191 847 1267; x_wconf 88' lang='lat' dir='ltr'><strong>quidam,</strong></span> <span class='ocrx_word' id='word_1_39' title='bbox 876 1191 947 1250; x_wconf 85' lang='lat' dir='ltr'><strong>vino</strong></span> <span class='ocrx_word' id='word_1_40' title='bbox 976 1194 1006 1249; x_wconf 91' lang='lat' dir='ltr'><strong>et</strong></span> <span class='ocrx_word' id='word_1_41' title='bbox 1033 1210 1137 1268; x_wconf 87' lang='lat' dir='ltr'><strong>sopore</strong></span> 
     </span>
     <span class='ocr_line' id='line_1_8' title="bbox 176 1283 1137 1360; baseline 0.002 -18"><span class='ocrx_word' id='word_1_42' title='bbox 176 1302 339 1360; x_wconf 87' lang='lat' dir='ltr'><strong>oppressus,</strong></span> <span class='ocrx_word' id='word_1_43' title='bbox 365 1287 448 1341; x_wconf 86' lang='lat' dir='ltr'><strong>extra</strong></span> <span class='ocrx_word' id='word_1_44' title='bbox 471 1283 584 1343; x_wconf 86' lang='lat' dir='ltr'><strong>vallum</strong></span> <span class='ocrx_word' id='word_1_45' title='bbox 607 1284 744 1343; x_wconf 86' lang='lat' dir='ltr'><strong>incautus</strong></span> <span class='ocrx_word' id='word_1_46' title='bbox 768 1284 938 1343; x_wconf 85' lang='lat' dir='ltr'><strong>dormiebat</strong></span> <span class='ocrx_word' id='word_1_47' title='bbox 994 1283 1137 1344; x_wconf 79' lang='lat' dir='ltr'>Celeriter</span> 
     </span>
     <span class='ocr_line' id='line_1_9' title="bbox 176 1379 1136 1456; baseline 0 -17"><span class='ocrx_word' id='word_1_48' title='bbox 176 1381 213 1439; x_wconf 89' lang='lat' dir='ltr'><strong>ad</strong></span> <span class='ocrx_word' id='word_1_49' title='bbox 228 1380 326 1437; x_wconf 84' lang='lat' dir='ltr'><strong>locum</strong></span> <span class='ocrx_word' id='word_1_50' title='bbox 339 1385 538 1439; x_wconf 86' lang='lat' dir='ltr'><strong>convenerunt</strong></span> <span class='ocrx_word' id='word_1_51' title='bbox 552 1381 715 1456; x_wconf 82' lang='lat' dir='ltr'><strong>complures</strong></span> <span class='ocrx_word' id='word_1_52' title='bbox 728 1379 868 1456; x_wconf 82' lang='lat' dir='ltr'><strong>hyaenae,</strong></span> <span class='ocrx_word' id='word_1_53' title='bbox 883 1379 960 1438; x_wconf 85' lang='lat' dir='ltr'><strong>fame</strong></span> <span class='ocrx_word' id='word_1_54' title='bbox 980 1379 1018 1438; x_wconf 92' lang='lat' dir='ltr'><strong>ad</strong></span> <span class='ocrx_word' id='word_1_55' title='bbox 1040 1385 1136 1439; x_wconf 88' lang='lat' dir='ltr'><strong>castra</strong></span> 
     </span>
    </p>

    <p class='ocr_par' dir='ltr' id='par_1_5' title="bbox 132 1471 1162 2114">
     <span class='ocr_line' id='line_1_10' title="bbox 176 1471 1162 1550; baseline 0.002 -20"><span class='ocrx_word' id='word_1_56' title='bbox 176 1471 328 1546; x_wconf 80' lang='lat' dir='ltr'><strong>adductae,</strong></span> <span class='ocrx_word' id='word_1_57' title='bbox 350 1472 557 1549; x_wconf 89' lang='lat' dir='ltr'><strong>hominemque</strong></span> <span class='ocrx_word' id='word_1_58' title='bbox 577 1492 630 1550; x_wconf 88' lang='lat' dir='ltr'><strong>pro</strong></span> <span class='ocrx_word' id='word_1_59' title='bbox 651 1479 766 1532; x_wconf 87' lang='lat' dir='ltr'><strong>mortuo</strong></span> <span class='ocrx_word' id='word_1_60' title='bbox 786 1474 824 1532; x_wconf 88' lang='lat' dir='ltr'><strong>ad</strong></span> <span class='ocrx_word' id='word_1_61' title='bbox 844 1474 942 1546; x_wconf 83' lang='lat' dir='ltr'><strong>silvae,</strong></span> <span class='ocrx_word' id='word_1_62' title='bbox 958 1493 1032 1550; x_wconf 87' lang='lat' dir='ltr'><strong>quae</strong></span> <span class='ocrx_word' id='word_1_63' title='bbox 1051 1473 1136 1532; x_wconf 92' lang='lat' dir='ltr'><strong>haud</strong></span> <span class='ocrx_word' id='word_1_64' title='bbox 1159 1493 1162 1510; x_wconf 91' lang='grc'>·</span> 
     </span>
     <span class='ocr_line' id='line_1_11' title="bbox 132 1555 1135 1644; baseline 0.002 -20"><span class='ocrx_word' id='word_1_65' title='bbox 132 1555 134 1558; x_wconf 45' lang='grc'>’</span> <span class='ocrx_word' id='word_1_66' title='bbox 176 1565 278 1643; x_wconf 89' lang='lat' dir='ltr'><strong>procul</strong></span> <span class='ocrx_word' id='word_1_67' title='bbox 306 1566 434 1641; x_wconf 88' lang='lat' dir='ltr'><strong>aberant,</strong></span> <span class='ocrx_word' id='word_1_68' title='bbox 464 1571 624 1626; x_wconf 86' lang='lat' dir='ltr'><strong>traxerunt.</strong></span> <span class='ocrx_word' id='word_1_69' title='bbox 668 1568 731 1627; x_wconf 91' lang='lat' dir='ltr'><strong>Ubi</strong></span> <span class='ocrx_word' id='word_1_70' title='bbox 755 1569 818 1644; x_wconf 87' lang='lat' dir='ltr'><strong>jam</strong></span> <span class='ocrx_word' id='word_1_71' title='bbox 849 1568 938 1644; x_wconf 87' lang='lat' dir='ltr'><strong>dapes</strong></span> <span class='ocrx_word' id='word_1_72' title='bbox 965 1569 1135 1643; x_wconf 76' lang='lat' dir='ltr'><strong>incepturos</strong></span> 
     </span>
     <span class='ocr_line' id='line_1_12' title="bbox 175 1659 1134 1738; baseline 0 -19"><span class='ocrx_word' id='word_1_73' title='bbox 175 1666 255 1733; x_wconf 87' lang='lat' dir='ltr'><strong>sunt,</strong></span> <span class='ocrx_word' id='word_1_74' title='bbox 270 1659 399 1735; x_wconf 84' lang='lat' dir='ltr'><strong>tubicen,</strong></span> <span class='ocrx_word' id='word_1_75' title='bbox 415 1660 514 1718; x_wconf 86' lang='lat' dir='ltr'><strong>subito</strong></span> <span class='ocrx_word' id='word_1_76' title='bbox 535 1681 551 1720; x_wconf 91' lang='lat' dir='ltr'><strong>e</strong></span> <span class='ocrx_word' id='word_1_77' title='bbox 572 1681 675 1720; x_wconf 92' lang='lat' dir='ltr'><strong>somno</strong></span> <span class='ocrx_word' id='word_1_78' title='bbox 696 1667 889 1738; x_wconf 78' lang='lat' dir='ltr'><strong>experrectus,</strong></span> <span class='ocrx_word' id='word_1_79' title='bbox 904 1662 975 1720; x_wconf 86' lang='lat' dir='ltr'><strong>fecit</strong></span> <span class='ocrx_word' id='word_1_80' title='bbox 995 1662 1038 1735; x_wconf 94' lang='lat' dir='ltr'><strong>id,</strong></span> <span class='ocrx_word' id='word_1_81' title='bbox 1052 1661 1134 1737; x_wconf 91' lang='lat' dir='ltr'><strong>quod</strong></span> 
     </span>
     <span class='ocr_line' id='line_1_13' title="bbox 177 1754 1135 1832; baseline 0.002 -20"><span class='ocrx_word' id='word_1_82' title='bbox 177 1754 322 1830; x_wconf 86' lang='lat' dir='ltr'><strong>optimum</strong></span> <span class='ocrx_word' id='word_1_83' title='bbox 333 1759 395 1812; x_wconf 86' lang='lat' dir='ltr'><strong>erat</strong></span> <span class='ocrx_word' id='word_1_84' title='bbox 408 1760 554 1831; x_wconf 80' lang='lat' dir='ltr'><strong>protento</strong></span> <span class='ocrx_word' id='word_1_85' title='bbox 568 1756 705 1832; x_wconf 86' lang='lat' dir='ltr'><strong>periculo,</strong></span> <span class='ocrx_word' id='word_1_86' title='bbox 717 1775 786 1814; x_wconf 89' lang='lat' dir='ltr'><strong>nam</strong></span> <span class='ocrx_word' id='word_1_87' title='bbox 800 1756 880 1814; x_wconf 86' lang='lat' dir='ltr'><strong>labra</strong></span> <span class='ocrx_word' id='word_1_88' title='bbox 891 1756 978 1814; x_wconf 86' lang='lat' dir='ltr'><strong>tubae</strong></span> <span class='ocrx_word' id='word_1_89' title='bbox 989 1755 1135 1814; x_wconf 87' lang='lat' dir='ltr'><strong>adhibens</strong></span> 
     </span>
     <span class='ocr_line' id='line_1_14' title="bbox 176 1848 1135 1929; baseline 0.003 -23"><span class='ocrx_word' id='word_1_90' title='bbox 176 1848 339 1924; x_wconf 80' lang='lat' dir='ltr'><strong>clangorem</strong></span> <span class='ocrx_word' id='word_1_91' title='bbox 360 1868 448 1924; x_wconf 80' lang='lat' dir='ltr'><strong>quam</strong></span> <span class='ocrx_word' id='word_1_92' title='bbox 468 1850 629 1908; x_wconf 86' lang='lat' dir='ltr'><strong>maximum</strong></span> <span class='ocrx_word' id='word_1_93' title='bbox 650 1850 753 1910; x_wconf 76' lang='lat' dir='ltr'><strong>edidit.</strong></span> <span class='ocrx_word' id='word_1_94' title='bbox 796 1851 861 1926; x_wconf 79' lang='lat' dir='ltr'><strong>Quo</strong></span> <span class='ocrx_word' id='word_1_95' title='bbox 882 1851 1006 1928; x_wconf 88' lang='lat' dir='ltr'><strong>strepitu</strong></span> <span class='ocrx_word' id='word_1_96' title='bbox 1027 1855 1135 1929; x_wconf 88' lang='lat' dir='ltr'><strong>perter-</strong></span> 
     </span>
     <span class='ocr_line' id='line_1_15' title="bbox 176 1942 1134 2022; baseline 0.004 -23"><span class='ocrx_word' id='word_1_97' title='bbox 176 1942 250 2001; x_wconf 84' lang='lat' dir='ltr'><strong>ritae</strong></span> <span class='ocrx_word' id='word_1_98' title='bbox 263 1942 394 2018; x_wconf 86' lang='lat' dir='ltr'><strong>hyaenae</strong></span> <span class='ocrx_word' id='word_1_99' title='bbox 414 1942 602 2019; x_wconf 84' lang='lat' dir='ltr'><strong>diffugerunt,</strong></span> <span class='ocrx_word' id='word_1_100' title='bbox 618 1944 824 2021; x_wconf 85' lang='lat' dir='ltr'><strong>heminamque</strong></span> <span class='ocrx_word' id='word_1_101' title='bbox 844 1945 990 2022; x_wconf 88' lang='lat' dir='ltr'><strong>integrum</strong></span> <span class='ocrx_word' id='word_1_102' title='bbox 1011 1945 1134 2021; x_wconf 88' lang='lat' dir='ltr'><strong>quidam</strong></span> 
     </span>
     <span class='ocr_line' id='line_1_16' title="bbox 177 2035 777 2114; baseline 0.005 -20"><span class='ocrx_word' id='word_1_103' title='bbox 177 2035 229 2094; x_wconf 91' lang='lat' dir='ltr'><strong>sed</strong></span> <span class='ocrx_word' id='word_1_104' title='bbox 243 2042 351 2095; x_wconf 87' lang='lat' dir='ltr'><strong>terrore</strong></span> <span class='ocrx_word' id='word_1_105' title='bbox 364 2037 575 2096; x_wconf 88' lang='lat' dir='ltr'><strong>aemi-animem</strong></span> <span class='ocrx_word' id='word_1_106' title='bbox 588 2037 777 2114; x_wconf 87' lang='lat' dir='ltr'><strong>reliquerunt.</strong></span> 
     </span>
    </p>
   </div>
   <div class='ocr_carea' id='block_1_5' title="bbox 464 2264 988 2333">
    <p class='ocr_par' dir='ltr' id='par_1_6' title="bbox 464 2264 988 2333">
     <span class='ocr_line' id='line_1_17' title="bbox 464 2264 988 2333; baseline 0.008 -5"><span class='ocrx_word' id='word_1_107' title='bbox 464 2282 532 2329; x_wconf 89' lang='lat'>102.</span> <span class='ocrx_word' id='word_1_108' title='bbox 561 2264 627 2329; x_wconf 79' lang='lat' dir='ltr'><strong>The</strong></span> <span class='ocrx_word' id='word_1_109' title='bbox 641 2267 725 2332; x_wconf 88' lang='lat' dir='ltr'><strong>Lcst</strong></span> <span class='ocrx_word' id='word_1_110' title='bbox 740 2265 844 2333; x_wconf 72' lang='lat' dir='ltr'><strong>child.</strong></span> <span class='ocrx_word' id='word_1_111' title='bbox 923 2268 926 2275; x_wconf 86' lang='grc'><em>’</em></span> <span class='ocrx_word' id='word_1_112' title='bbox 986 2268 988 2277; x_wconf 78' lang='lat'>&#39;</span> 
     </span>
    </p>
   </div>
   <div class='ocr_carea' id='block_1_6' title="bbox 111 2417 1133 3523">
    <p class='ocr_par' dir='ltr' id='par_1_7' title="bbox 111 2417 1133 3430">
     <span class='ocr_line' id='line_1_18' title="bbox 218 2417 1133 2497; baseline 0.004 -22"><span class='ocrx_word' id='word_1_113' title='bbox 218 2417 258 2476; x_wconf 92' lang='lat' dir='ltr'><strong>In</strong></span> <span class='ocrx_word' id='word_1_114' title='bbox 283 2417 386 2476; x_wconf 74' lang='lat' dir='ltr'><strong>Africa</strong></span> <span class='ocrx_word' id='word_1_115' title='bbox 412 2417 514 2495; x_wconf 84' lang='lat' dir='ltr'><strong>procul</strong></span> <span class='ocrx_word' id='word_1_116' title='bbox 541 2418 579 2477; x_wconf 91' lang='lat' dir='ltr'><strong>ab</strong></span> <span class='ocrx_word' id='word_1_117' title='bbox 606 2419 668 2478; x_wconf 89' lang='lat' dir='ltr'><strong>ullo</strong></span> <span class='ocrx_word' id='word_1_118' title='bbox 696 2420 806 2497; x_wconf 90' lang='lat' dir='ltr'><strong>oppido</strong></span> <span class='ocrx_word' id='word_1_119' title='bbox 833 2420 980 2479; x_wconf 86' lang='lat' dir='ltr'><strong>habitavit</strong></span> <span class='ocrx_word' id='word_1_120' title='bbox 1007 2419 1133 2497; x_wconf 85' lang='lat' dir='ltr'><strong>agricola</strong></span> 
     </span>
     <span class='ocr_line' id='line_1_19' title="bbox 177 2511 1132 2587; baseline 0.003 -18"><span class='ocrx_word' id='word_1_121' title='bbox 177 2511 305 2587; x_wconf 88' lang='lat' dir='ltr'><strong>quidam,</strong></span> <span class='ocrx_word' id='word_1_122' title='bbox 320 2512 369 2570; x_wconf 90' lang='lat' dir='ltr'><strong>cui</strong></span> <span class='ocrx_word' id='word_1_123' title='bbox 383 2517 466 2570; x_wconf 87' lang='lat' dir='ltr'><strong>erant</strong></span> <span class='ocrx_word' id='word_1_124' title='bbox 478 2512 616 2571; x_wconf 87' lang='lat' dir='ltr'><strong>undecim</strong></span> <span class='ocrx_word' id='word_1_125' title='bbox 630 2512 723 2575; x_wconf 83' lang='lat' dir='ltr'><strong>liberi</strong></span> <span class='ocrx_word' id='word_1_126' title='bbox 766 2513 814 2571; x_wconf 87' lang='lat' dir='ltr'><strong>Ex</strong></span> <span class='ocrx_word' id='word_1_127' title='bbox 834 2514 881 2572; x_wconf 89' lang='lat' dir='ltr'><strong>his</strong></span> <span class='ocrx_word' id='word_1_128' title='bbox 900 2512 1044 2572; x_wconf 87' lang='lat' dir='ltr'><strong>maximus</strong></span> <span class='ocrx_word' id='word_1_129' title='bbox 1058 2518 1132 2572; x_wconf 85' lang='lat' dir='ltr'><strong>natu</strong></span> 
     </span>
     <span class='ocr_line' id='line_1_20' title="bbox 177 2605 1132 2681; baseline 0.002 -18"><span class='ocrx_word' id='word_1_130' title='bbox 177 2624 247 2664; x_wconf 84' lang='lat' dir='ltr'><strong>ovea</strong></span> <span class='ocrx_word' id='word_1_131' title='bbox 265 2606 298 2663; x_wconf 90' lang='lat' dir='ltr'><strong>in</strong></span> <span class='ocrx_word' id='word_1_132' title='bbox 318 2605 469 2664; x_wconf 89' lang='lat' dir='ltr'><strong>montibus</strong></span> <span class='ocrx_word' id='word_1_133' title='bbox 489 2606 680 2681; x_wconf 78' lang='lat' dir='ltr'><strong>custodiebat,</strong></span> <span class='ocrx_word' id='word_1_134' title='bbox 696 2608 784 2665; x_wconf 88' lang='lat' dir='ltr'><strong>ceteri</strong></span> <span class='ocrx_word' id='word_1_135' title='bbox 804 2613 903 2665; x_wconf 88' lang='lat' dir='ltr'><strong>tamen</strong></span> <span class='ocrx_word' id='word_1_136' title='bbox 923 2607 1016 2666; x_wconf 88' lang='lat' dir='ltr'><strong>labori</strong></span> <span class='ocrx_word' id='word_1_137' title='bbox 1036 2607 1132 2667; x_wconf 87' lang='lat' dir='ltr'><strong>adhuc</strong></span> 
     </span>
     <span class='ocr_line' id='line_1_21' title="bbox 176 2697 1133 2777; baseline 0.003 -20"><span class='ocrx_word' id='word_1_138' title='bbox 176 2697 298 2758; x_wconf 86' lang='lat' dir='ltr'><strong>inutiles</strong></span> <span class='ocrx_word' id='word_1_139' title='bbox 310 2703 406 2757; x_wconf 85' lang='lat' dir='ltr'><strong>totum</strong></span> <span class='ocrx_word' id='word_1_140' title='bbox 422 2699 499 2758; x_wconf 88' lang='lat' dir='ltr'><strong>diem</strong></span> <span class='ocrx_word' id='word_1_141' title='bbox 516 2700 549 2758; x_wconf 93' lang='lat' dir='ltr'><strong>in</strong></span> <span class='ocrx_word' id='word_1_142' title='bbox 569 2700 646 2777; x_wconf 87' lang='lat' dir='ltr'><strong>agris</strong></span> <span class='ocrx_word' id='word_1_143' title='bbox 665 2700 815 2760; x_wconf 85' lang='lat' dir='ltr'><strong>ludebant.</strong></span> <span class='ocrx_word' id='word_1_144' title='bbox 856 2700 1027 2777; x_wconf 88' lang='lat' dir='ltr'><strong>Aliquando</strong></span> <span class='ocrx_word' id='word_1_145' title='bbox 1047 2702 1133 2760; x_wconf 89' lang='lat' dir='ltr'><strong>mini-</strong></span> 
     </span>
     <span class='ocr_line' id='line_1_22' title="bbox 111 2794 1131 2872; baseline 0.005 -23"><span class='ocrx_word' id='word_1_146' title='bbox 111 2830 124 2857; x_wconf 79' lang='lat'><strong>.</strong></span> <span class='ocrx_word' id='word_1_147' title='bbox 138 2818 142 2827; x_wconf 87' lang='lat'>·</span> <span class='ocrx_word' id='word_1_148' title='bbox 177 2811 252 2864; x_wconf 88' lang='lat' dir='ltr'><strong>mus,</strong></span> <span class='ocrx_word' id='word_1_149' title='bbox 268 2812 343 2869; x_wconf 83' lang='lat' dir='ltr'><strong>puer</strong></span> <span class='ocrx_word' id='word_1_150' title='bbox 354 2797 492 2868; x_wconf 86' lang='lat' dir='ltr'><strong>quattuor</strong></span> <span class='ocrx_word' id='word_1_151' title='bbox 505 2812 597 2852; x_wconf 90' lang='lat' dir='ltr'><strong>annos</strong></span> <span class='ocrx_word' id='word_1_152' title='bbox 610 2798 706 2869; x_wconf 85' lang='lat' dir='ltr'><strong>natus,</strong></span> <span class='ocrx_word' id='word_1_153' title='bbox 722 2794 850 2853; x_wconf 84' lang='lat' dir='ltr'><strong>inveniri</strong></span> <span class='ocrx_word' id='word_1_154' title='bbox 862 2814 923 2853; x_wconf 92' lang='lat' dir='ltr'><strong>non</strong></span> <span class='ocrx_word' id='word_1_155' title='bbox 940 2799 1064 2872; x_wconf 82' lang='lat' dir='ltr'><strong>poterat,</strong></span> <span class='ocrx_word' id='word_1_156' title='bbox 1077 2814 1131 2854; x_wconf 87' lang='lat' dir='ltr'><strong>nec</strong></span> 
     </span>
     <span class='ocr_line' id='line_1_23' title="bbox 177 2885 1129 2964; baseline 0.004 -21"><span class='ocrx_word' id='word_1_157' title='bbox 177 2890 244 2962; x_wconf 89' lang='lat' dir='ltr'><strong>post</strong></span> <span class='ocrx_word' id='word_1_158' title='bbox 270 2892 404 2961; x_wconf 89' lang='lat' dir='ltr'><strong>quartam</strong></span> <span class='ocrx_word' id='word_1_159' title='bbox 432 2886 492 2945; x_wconf 90' lang='lat' dir='ltr'><strong>diei</strong></span> <span class='ocrx_word' id='word_1_160' title='bbox 522 2885 623 2945; x_wconf 83' lang='lat' dir='ltr'><strong>horam</strong></span> <span class='ocrx_word' id='word_1_161' title='bbox 651 2907 668 2945; x_wconf 91' lang='lat' dir='ltr'><strong>a</strong></span> <span class='ocrx_word' id='word_1_162' title='bbox 695 2888 834 2947; x_wconf 87' lang='lat' dir='ltr'><strong>fratribus</strong></span> <span class='ocrx_word' id='word_1_163' title='bbox 862 2893 1033 2964; x_wconf 83' lang='lat' dir='ltr'><strong>conspectus</strong></span> <span class='ocrx_word' id='word_1_164' title='bbox 1060 2894 1129 2949; x_wconf 83' lang='lat' dir='ltr'><strong>erat.</strong></span> 
     </span>
     <span class='ocr_line' id='line_1_24' title="bbox 177 2980 1132 3058; baseline 0.004 -21"><span class='ocrx_word' id='word_1_165' title='bbox 177 2980 337 3056; x_wconf 86' lang='lat' dir='ltr'><strong>Postquam</strong></span> <span class='ocrx_word' id='word_1_166' title='bbox 350 2999 418 3038; x_wconf 91' lang='lat' dir='ltr'><strong>eum</strong></span> <span class='ocrx_word' id='word_1_167' title='bbox 432 2980 541 3056; x_wconf 84' lang='lat' dir='ltr'><strong>ubique</strong></span> <span class='ocrx_word' id='word_1_168' title='bbox 555 2981 762 3056; x_wconf 87' lang='lat' dir='ltr'><strong>quaesiverunt</strong></span> <span class='ocrx_word' id='word_1_169' title='bbox 779 2986 809 3039; x_wconf 87' lang='lat' dir='ltr'><strong>et</strong></span> <span class='ocrx_word' id='word_1_170' title='bbox 829 3000 881 3058; x_wconf 86' lang='lat' dir='ltr'><strong>par</strong></span> <span class='ocrx_word' id='word_1_171' title='bbox 893 2982 979 3040; x_wconf 90' lang='lat' dir='ltr'><strong>aedes</strong></span> <span class='ocrx_word' id='word_1_172' title='bbox 1000 2986 1029 3039; x_wconf 88' lang='lat' dir='ltr'><strong>et</strong></span> <span class='ocrx_word' id='word_1_173' title='bbox 1049 3000 1132 3057; x_wconf 83' lang='lat' dir='ltr'><strong>agros</strong></span> 
     </span>
     <span class='ocr_line' id='line_1_25' title="bbox 176 3072 1131 3151; baseline 0.004 -21"><span class='ocrx_word' id='word_1_174' title='bbox 176 3072 328 3145; x_wconf 83' lang='lat' dir='ltr'><strong>finitimos,</strong></span> <span class='ocrx_word' id='word_1_175' title='bbox 347 3072 466 3131; x_wconf 89' lang='lat' dir='ltr'><strong>tandem</strong></span> <span class='ocrx_word' id='word_1_176' title='bbox 487 3080 621 3149; x_wconf 85' lang='lat' dir='ltr'><strong>parentes</strong></span> <span class='ocrx_word' id='word_1_177' title='bbox 641 3074 783 3133; x_wconf 87' lang='lat' dir='ltr'><strong>auxilium</strong></span> <span class='ocrx_word' id='word_1_178' title='bbox 797 3074 834 3133; x_wconf 89' lang='lat' dir='ltr'><strong>ab</strong></span> <span class='ocrx_word' id='word_1_179' title='bbox 848 3074 954 3133; x_wconf 85' lang='lat' dir='ltr'><strong>vicinia</strong></span> <span class='ocrx_word' id='word_1_180' title='bbox 974 3074 1131 3151; x_wconf 88' lang='lat' dir='ltr'><strong>amicisque</strong></span> 
     </span>
     <span class='ocr_line' id='line_1_26' title="bbox 176 3165 1131 3246; baseline 0.004 -22"><span class='ocrx_word' id='word_1_181' title='bbox 176 3166 333 3242; x_wconf 83' lang='lat' dir='ltr'><strong>petierunt</strong></span> <span class='ocrx_word' id='word_1_182' title='bbox 377 3165 447 3225; x_wconf 91' lang='lat' dir='ltr'><strong>Una</strong></span> <span class='ocrx_word' id='word_1_183' title='bbox 461 3185 528 3225; x_wconf 90' lang='lat' dir='ltr'><strong>cnm</strong></span> <span class='ocrx_word' id='word_1_184' title='bbox 541 3166 589 3225; x_wconf 89' lang='lat' dir='ltr'><strong>his</strong></span> <span class='ocrx_word' id='word_1_185' title='bbox 602 3166 701 3241; x_wconf 86' lang='lat' dir='ltr'><strong>silvas,</strong></span> <span class='ocrx_word' id='word_1_186' title='bbox 716 3168 841 3227; x_wconf 80' lang='lat' dir='ltr'><strong>ferarum</strong></span> <span class='ocrx_word' id='word_1_187' title='bbox 861 3168 987 3227; x_wconf 81' lang='lat' dir='ltr'><strong>latebras</strong></span> <span class='ocrx_word' id='word_1_188' title='bbox 1002 3168 1131 3246; x_wconf 89' lang='lat' dir='ltr'><strong>explora·</strong></span> 
     </span>
     <span class='ocr_line' id='line_1_27' title="bbox 176 3259 1130 3338; baseline 0.005 -20"><span class='ocrx_word' id='word_1_189' title='bbox 176 3264 290 3319; x_wconf 83' lang='lat' dir='ltr'><strong>verunt</strong></span> <span class='ocrx_word' id='word_1_190' title='bbox 337 3260 436 3319; x_wconf 90' lang='lat' dir='ltr'><strong>Vicini</strong></span> <span class='ocrx_word' id='word_1_191' title='bbox 457 3259 576 3336; x_wconf 91' lang='lat' dir='ltr'><strong>quidem</strong></span> <span class='ocrx_word' id='word_1_192' title='bbox 595 3261 652 3320; x_wconf 88' lang='lat' dir='ltr'><strong>sub</strong></span> <span class='ocrx_word' id='word_1_193' title='bbox 665 3280 827 3338; x_wconf 85' lang='lat' dir='ltr'><strong>vesperum,</strong></span> <span class='ocrx_word' id='word_1_194' title='bbox 843 3282 919 3321; x_wconf 84' lang='lat' dir='ltr'><strong>vano</strong></span> <span class='ocrx_word' id='word_1_195' title='bbox 940 3262 1038 3322; x_wconf 88' lang='lat' dir='ltr'><strong>labore</strong></span> <span class='ocrx_word' id='word_1_196' title='bbox 1051 3262 1130 3338; x_wconf 86' lang='lat' dir='ltr'><strong>lessi,</strong></span> 
     </span>
     <span class='ocr_line' id='line_1_28' title="bbox 177 3351 1128 3430; baseline 0.007 -20"><span class='ocrx_word' id='word_1_197' title='bbox 177 3351 297 3411; x_wconf 89' lang='lat' dir='ltr'><strong>domum</strong></span> <span class='ocrx_word' id='word_1_198' title='bbox 321 3352 525 3428; x_wconf 87' lang='lat' dir='ltr'><strong>discesserunt,</strong></span> <span class='ocrx_word' id='word_1_199' title='bbox 551 3359 582 3411; x_wconf 89' lang='lat' dir='ltr'><strong>at</strong></span> <span class='ocrx_word' id='word_1_200' title='bbox 605 3360 740 3430; x_wconf 85' lang='lat' dir='ltr'><strong>parentes</strong></span> <span class='ocrx_word' id='word_1_201' title='bbox 760 3355 866 3430; x_wconf 84' lang='lat' dir='ltr'><strong>miseri,</strong></span> <span class='ocrx_word' id='word_1_202' title='bbox 888 3355 1014 3414; x_wconf 85' lang='lat' dir='ltr'><strong>ferarum</strong></span> <span class='ocrx_word' id='word_1_203' title='bbox 1034 3356 1128 3429; x_wconf 86' lang='lat' dir='ltr'><strong>obliti,</strong></span> 
     </span>
    </p>

    <p class='ocr_par' dir='ltr' id='par_1_8' title="bbox 211 3444 785 3523">
     <span class='ocr_line' id='line_1_29' title="bbox 211 3444 785 3523; baseline 0.007 -20"><span class='ocrx_word' id='word_1_204' title='bbox 211 3450 268 3503; x_wconf 72' lang='lat' dir='ltr'><strong>‘am</strong></span> <span class='ocrx_word' id='word_1_205' title='bbox 282 3451 462 3523; x_wconf 88' lang='lat' dir='ltr'><strong>pernoctem</strong></span> <span class='ocrx_word' id='word_1_206' title='bbox 476 3447 509 3504; x_wconf 93' lang='lat' dir='ltr'><strong>in</strong></span> <span class='ocrx_word' id='word_1_207' title='bbox 523 3444 606 3506; x_wconf 85' lang='lat' dir='ltr'><strong>silvis</strong></span> <span class='ocrx_word' id='word_1_208' title='bbox 620 3446 785 3507; x_wconf 86' lang='lat' dir='ltr'><strong>manebant</strong></span> 
     </span>
    </p>
   </div>
   <div class='ocr_carea' id='block_1_7' title="bbox 0 0 1218 3850">
    <p class='ocr_par' dir='ltr' id='par_1_9' title="bbox 0 0 1218 3850">
     <span class='ocr_line' id='line_1_30' title="bbox 0 0 1218 3850; baseline 0 1"><span class='ocrx_word' id='word_1_209' title='bbox 0 0 1218 3850; x_wconf 95' lang='lat' dir='ltr'><strong> </strong></span> 
     </span>
    </p>
   </div>
  </div>
 </body>
</html>
