2425 3850
389 273 392 282 ·
506 250 782 320 Trmdations.

369 515 422 586 95.
442 501 533 567 How
548 511 580 566 to
587 511 649 584 get
662 500 721 564 rid
731 501 775 584 os
782 523 804 564 a
828 499 922 582 Wise.

176 640 179 646 '
206 638 333 699 Fulvius
352 638 482 715 quidam,
504 637 553 697 eui
572 656 647 696 uxor
667 643 728 696 erat
749 635 888 709 difficilis,
908 635 988 712 quod
1008 654 1076 694 eam
1094 635 1129 695 vi

165 733 327 792 interficere
361 751 422 792 non
457 732 593 804 audebat,
622 731 756 789 fraudem
783 730 922 790 adhibere
956 729 1126 790 eonstituit.

165 826 323 886 Mulierem
336 826 427 903 igitur
436 824 475 884 ed
486 825 579 902 ripam
589 823 730 897 fluminis,
740 823 819 900 quod
830 843 881 900 per
891 823 988 900 ipsum
1001 822 1127 882 hortum

163 920 282 993 fluebat,
303 920 400 979 duxit
443 919 508 994 Quo
529 918 583 977 nbi
602 918 734 992 advenit,
765 916 899 991 “Mihi''
926 905 1047 992 inquit,'
1061 917 1127 975 “in

163 1014 262 1073 animo
283 1019 328 1073 est
348 1032 365 1072 e
385 1013 448 1072 viti
468 1011 624 1071 discedere
667 1011 713 1070 Tu
741 1010 839 1087 igitur,
861 1016 897 1070 nt
920 1028 995 1069 uxor
1014 1010 1127 1084 fidelis,

164 1107 303 1166 extremis
323 1107 381 1167 viri
401 1106 549 1165 mandatis
569 1105 666 1182 para’'
708 1104 793 1164 Uxor
812 1106 930 1164 incauta
950 1103 1039 1162 fidem
1060 1104 1123 1164 dat

165 1203 298 1278 “Erga”
318 1202 418 1279 inquit
438 1200 572 1272 Fulvius,
597 1204 729 1258 “manus
749 1198 825 1258 mihi
848 1205 917 1276 post
929 1204 1044 1276 tergum
1065 1198 1125 1258 hoa

163 1296 236 1355 fune
248 1296 338 1370 vinei,
360 1314 476 1372 meque
495 1295 529 1353 in
548 1294 660 1352 flumen
681 1292 802 1369 dejice.'’
843 1292 919 1351 Tum
933 1312 975 1364 ea,
991 1292 1047 1351 etei
1060 1312 1125 1351 rem

164 1391 279 1449 eredere
305 1391 359 1449 vix
386 1390 494 1466 potuit,
519 1387 601 1465 quod
628 1387 725 1446 noluit
752 1386 841 1445 fidem
876 1386 974 1444 datam
1002 1385 1124 1458 violare,

163 1503 269 1542 manus
288 1485 353 1561 ejus
373 1483 558 1556 constrinxit,
580 1486 611 1540 et
631 1481 761 1539 maxime
782 1480 851 1539 nisu
875 1499 942 1540 eum
963 1480 996 1537 in
1016 1499 1125 1556 aquam

164 1578 325 1655 propellere
338 1578 459 1654 paravit.
502 1576 546 1634 At
559 1575 684 1634 Fulvius
697 1574 796 1633 subito
812 1579 895 1633 motu
909 1575 1036 1651 eorporis
1049 1575 1125 1651 peri-

165 1672 266 1730 eulum
285 1671 382 1743 elusit,
398 1670 569 1746 mulierque
589 1668 756 1746 improvide
772 1687 826 1727 suo
843 1669 957 1744 impetn
970 1669 1003 1726 in
1016 1687 1125 1744 aquam

165 1784 301 1842 praeceps
315 1765 459 1841 dejicitur.
504 1764 580 1823 Inde
593 1763 707 1821 miseris
721 1761 856 1839 precibus
869 1761 1013 1820 auxilium
1027 1762 1125 1822 oranti

165 1858 317 1937 respondit
336 1857 406 1933 ille;
438 1856 543 1916 “Volo
564 1857 701 1934 equidem
722 1862 752 1915 te
769 1857 892 1932 juvare;
923 1855 1004 1932 quod
1023 1860 1123 1915 temen

165 1977 245 2017 meas
257 1977 362 2017 manus
374 1956 509 2031 vinxisti,
524 1956 608 2014 nullo
623 1955 708 2014 modo
722 1954 867 2032 possum.’'

441 2118 492 2202 96.
516 2118 547 2182 A
570 2117 670 2182 stem
685 2117 851 2199 Example.

205 2236 280 2295 Dux
306 2234 436 2310 quidam,
452 2234 511 2309 'qui
538 2252 605 2292 eum
634 2232 728 2292 Gallis
755 2232 867 2292 bellum
894 2232 1018 2310 gerebat,
1042 2233 1122 2309 qnod

166 2330 263 2390 veluit
276 2329 355 2389 aives
368 2328 406 2387 ab
419 2328 501 2387 omni
522 2326 631 2404 injurii
651 2326 814 2399 defendere,
829 2327 932 2403 poenis
944 2327 1121 2404 gravissimis

165 2443 234 2483 snos
249 2423 360 2500 rapinis
379 2421 561 2499 prohibebat.
605 2421 684 2481 Olim
706 2421 778 2479 dnm
798 2440 866 2479 eum
885 2420 989 2497 legatis
1009 2428 1119 2495 coenat,

165 2516 199 2575 in
222 2516 398 2594 praetorium
422 2515 504 2575 dueti
530 2520 601 2573 sunt
628 2514 775 2585 tresviri,
801 2514 880 2573 firrto
907 2514 941 2572 in
967 2514 1120 2573 manifeste

166 2609 346 2687 deprehensi
391 2609 467 2668 Tum
487 2608 559 2681 dux,
574 2608 627 2683 qni
646 2606 849 2684 magnitudine
865 2626 975 2684 poenae
994 2607 1120 2683 reliquos

166 2705 308 2764 deterrere
322 2704 425 2776 voluit,
436 2703 528 2781 jussit
546 2702 627 2761 fures
647 2701 726 2759 iflico
747 2700 784 2760 de
797 2704 903 2777 magna
916 2719 1033 2776 quercu,
1048 2719 1120 2776 quae

167 2818 229 2857 non
258 2797 387 2857 multum
420 2796 528 2871 aberat,
559 2794 708 2872 suspendi
751 2793 872 2853 Postero
904 2792 952 2852 die
983 2793 1056 2853 dum
1086 2794 1120 2852 in

167 2892 273 2950 itinere
296 2910 400 2969 agmen
420 2890 518 2949 loenm
538 2888 684 2965 praeterit,
706 2890 774 2947 ante
795 2886 895 2945 oeulos
915 2886 1046 2946 omnium
1065 2888 1120 2947 tria

168 2985 315 3058 cadavera,
344 2983 465 3044 militari
492 2981 582 3059 pallio
610 2981 725 3054 vestita,
751 2999 789 3039 ex
816 2979 918 3039 arbore
944 2978 1116 3056 pendebant

170 3078 236 3154 Quo
250 3077 386 3155 exemplo
401 3076 505 3149 territi,
520 3075 631 3133 milites
643 3074 677 3133 in
690 3062 840 3151 pertarum
859 3073 897 3133 ab
918 3073 1000 3133 omni
1020 3092 1119 3151 genere

168 3172 288 3249 rapinae
301 3170 495 3230 abstinebant
540 3168 578 3227 Id
587 3174 688 3227 tamen
701 3167 869 3244 exemplum
880 3166 1025 3226 salubrius
1036 3186 1117 3243 quern

169 3264 316 3327 crudelius
329 3263 406 3337 lnit5
426 3262 489 3322 dux
503 3262 583 3319 enim
602 3260 800 3321 misericordia
820 3265 992 3334 commotus,
1006 3280 1121 3339 suspen-

169 3360 253 3419 deret
275 3357 357 3417 haud
379 3357 458 3417 fures
481 3355 611 3432 quidem,
637 3356 688 3415 sed
710 3343 856 3417 eedsvera'
871 3355 962 3415 trium
986 3355 1119 3431 militum,

171 3452 224 3529 qui
237 3452 331 3530 pridie
344 3451 446 3511 morbo
459 3450 610 3527 absumpti
623 3454 715 3510 erant.
