2425 3850
433 255 711 325 Transletions.
785 284 789 293 ·

377 554 427 635 89
456 552 487 617 T
483 574 557 617 own
571 576 601 618 v.
621 553 771 635 Country.

129 706 272 766 Urbanus
285 726 360 781 mus,
372 707 425 783 qui
437 726 487 766 rus
500 707 538 765 ud
551 707 672 765 fretrmn
685 707 787 779 iverat,
799 707 898 766 eibum
908 709 1050 767 rusticum

83 820 173 877 aegre
186 799 258 859 tulit
271 805 360 876 utque
374 800 458 859 idere
472 799 576 859 noluit
622 799 685 860 “Si
698 801 889 878 vis,'’inquit‚
903 805 922 834 “
930 803 1052 862 domum

83 913 215 952 meeum
235 893 330 952 redire
351 899 514 952 sexeentes
535 893 656 952 delicias
675 893 826 954 hebebie.”
869 897 975 973 Itaque
995 897 1051 970 illi,

84 995 247 1065 postquem
268 987 360 1047 totius
380 988 439 1046 diei
459 988 516 1046 iter
532 988 673 1064 iecerunt,
689 989 786 1046 medie
805 995 891 1048 noete
911 991 1052 1067 parietem

82 1081 240 1160 splendidi
267 1082 394 1140 aedificii
421 1082 495 1140 rime
520 1086 644 1158 anguste
664 1082 776 1141 ineunt
820 1084 895 1142 Tum
920 1104 986 1143 mue
1005 1104 1053 1142 ur·

83 1177 185 1235 banus
205 1166 374 1252 magnificus
396 1176 485 1251 depes
506 1176 600 1248 effert,
617 1180 648 1234 et
671 1177 815 1234 rusticum
835 1177 869 1234 in
889 1176 965 1237 lectu
985 1197 1052 1253 pur·

84 1289 181 1348 pureo
191 1269 276 1329 louet
319 1270 363 1328 At
373 1269 473 1328 subito
483 1270 587 1345 ingens
597 1269 719 1328 auditur
730 1270 859 1344 ulemor;
879 1272 1053 1347 penduntur

84 1371 211 1442 portue3
230 1363 356 1421 inruunt
366 1362 466 1421 decem
477 1364 554 1421 servi
565 1364 723 1440 nigerrimi.
767 1362 858 1440 Fugit
872 1367 1053 1439 per-territus

85 1477 156 1516 mus
181 1462 315 1533 uterque,
337 1463 368 1516 et
388 1458 441 1515 vix
468 1457 502 1515 in
529 1458 694 1534 perfugium
722 1477 753 1516 se
781 1459 892 1535 recipit
935 1459 1053 1517 Deinde

84 1551 225 1610 rusticus
271 1550 412 1623 “Solus'’
433 1551 541 1627 inquit,
565 1552 687 1609 “vitem
711 1551 854 1610 urbanum
875 1571 979 1628 cerpe3
999 1572 1053 1630 ego

88 1653 170 1705 uerte
184 1645 310 1704 sulutem
324 1650 354 1703 et
367 1644 489 1721 glandes
503 1664 582 1704 meus
595 1645 699 1704 mul0.”

322 1933 373 1999 90.
400 1914 565 1999 Counting
576 1913 637 1979 lter
653 1914 814 1982 Chickenu

132 2064 252 2141 Phyllis
265 2065 372 2123 eneillu
386 2064 529 2142 quaedum
542 2065 745 2125 mulctrurium
756 2066 828 2124 novi
838 2064 922 2124 luetis
932 2066 1054 2143 plenum

83 2158 200 2223 Nolam
214 2158 334 2218 ferebat.
378 2158 461 2217 Dum
474 2159 532 2218 iter
544 2158 628 2232 iuuit,
641 2177 710 2217 suus
724 2178 794 2235 opes
813 2159 857 2217 itu
870 2160 1051 2221 numerabat

88 2256 109 2286 “
119 2251 234 2326 Certe,”
248 2252 356 2328 inquit,
374 2256 392 2284 ‘⁴
401 2252 455 2310 ubi
467 2251 513 2311 lue
528 2252 688 2311 vendidero
703 2270 759 2310 uve
778 2252 929 2329 complure
950 2259 1053 2329 putero

87 2365 192 2405 emere.
249 2345 361 2404 Nonne
392 2364 429 2403 ex
463 2346 528 2404 ovis
561 2347 724 2423 gignuntur
757 2345 855 2422 pullil
889 2366 927 2404 ex
962 2347 1053 2424 pullis

86 2440 262 2516 argentemi
302 2439 378 2498 Tum
403 2457 485 2497 suem
505 2458 599 2497 emere
623 2439 657 2496 in
676 2439 776 2497 enimn
797 2443 850 2509 est,
872 2458 946 2514 quae
968 2440 1053 2500 brevi

87 2532 223 2611 porculos
244 2532 353 2591 multos
374 2532 449 2589 mihi
469 2532 569 2608 periet
614 2531 691 2590 Inde
705 2532 761 2590 erit
780 2532 855 2589 mihi
869 2551 976 2605 ηοω
996 2553 1050 2594 nee

87 2625 183 2684 multo
218 2632 285 2702 post
312 2626 426 2683 vitulus
453 2626 536 2684 fusco
564 2624 669 2698 celere,
706 2624 799 2683 oeulis
833 2624 1048 2702 pulcherrimis

87 2725 207 2800 Quanti
219 2724 333 2783 laetitii.
346 2723 484 2797 vitulum,
499 2723 571 2781 dum
591 2722 709 2781 saltet'
700 2742 733 2780 m
752 2723 853 2798 pratis,
868 2723 1050 2800 uspicieml”

86 2816 171 2877 Huee
186 2816 239 2876 ubi
253 2818 332 2877 dixit
346 2836 414 2893 pree
428 2817 535 2893 gaudio
550 2816 757 2892 eeltuvit1pse‚
773 2834 831 2893 quo
845 2817 944 2877 subito
964 2826 1049 2880 motu

84 2908 132 2973 lue
146 2930 233 2970 omne
246 2915 373 2970 unicum
387 2910 558 2971 divitiarum
572 2930 624 2988 spe
637 2910 762 2969 effusum
776 2916 828 2970 est
