2425 3850
500 240 778 308 Translatione.

512 514 581 584 115.
603 501 776 582 Bonnated

201 655 322 716 Mulieri
335 653 459 727 cuidam,
474 673 548 730 quae
562 653 653 731 Arpis
666 653 827 727 habitabat,
843 674 895 714 raa
915 659 976 714 erat
990 655 1127 714 senceum

160 750 241 810 haud
254 751 296 808 ita
308 766 526 825 magnumque
540 746 640 808 cibum
650 767 773 825 coquere
783 746 903 810 colebat
946 748 1006 808 Fur
1016 753 1126 808 autem

159 843 318 921 improbus,
333 842 406 901 dum
419 842 484 918 ipsa
496 840 587 914 abeat,
599 840 720 901 domum
734 840 881 916 ingressus
894 860 946 900 vae
960 843 1061 918 rapuit
1076 842 1125 902 in-

159 956 217 1014 que
236 935 326 995 silvae
345 934 446 994 evaeit.
490 933 557 1008 Qui,
572 933 653 1010 quod
673 952 726 993 vae
749 953 836 1010 grave
861 939 931 1007 erat,
953 953 1007 992 nec
1030 935 1124 994 facile

159 1035 286 1108 portatu,
315 1028 406 1105 capiti
431 1046 506 1086 onua
533 1027 684 1103 imposuit,
708 1028 832 1103 iterque
859 1027 996 1104 pergebat
1020 1029 1123 1104 primo

158 1123 291 1196 cautiua3
304 1122 411 1183 deinde
421 1121 545 1180 clamore
556 1121 741 1197 aequantium
752 1121 929 1198 perterritus,
940 1122 1122 1198 properandi

158 1226 253 1293 cauea,
272 1239 384 1279 currere
403 1219 517 1296 incipit
560 1220 604 1278 At
624 1237 676 1278 vae
700 1219 798 1278 subito
819 1225 902 1278 motu
922 1219 1087 1293 turbatum,
1104 1240 1121 1279 a

157 1335 272 1375 aummo
292 1314 387 1390 capite
410 1313 449 1372 ad
470 1313 607 1372 humeros
630 1312 754 1390 lapeum,
780 1317 877 1371 totum
899 1312 1019 1372 vultum
1042 1314 1119 1373 furia

156 1410 279 1469 obtexit
322 1408 398 1466 Tum
414 1408 449 1480 ia,
464 1407 544 1482 quod
564 1426 619 1465 nec
636 1406 749 1466 diutine
769 1408 848 1466 viam
869 1407 968 1465 videre
988 1413 1116 1483 potarat,

156 1522 212 1562 neo
233 1502 294 1561 ullo
314 1501 402 1560 modo
422 1507 512 1578 caput
531 1500 684 1559 extrahere
708 1519 746 1559 ex
769 1518 847 1573 vase,
868 1500 948 1576 quod
969 1502 1117 1562 artissime

156 1595 302 1667 haerebat,
332 1613 448 1652 curcum
478 1613 540 1652 non
572 1594 677 1653 tenuit
735 1595 839 1670 Itaque
871 1613 889 1652 a
921 1595 1116 1671 sequentibus

156 1694 267 1767 captus,
281 1687 430 1746 manifesti
443 1685 544 1747 delicti
557 1706 666 1764 poenae
680 1686 814 1746 exsolvit

484 1895 553 1962 116.
582 1896 649 1981 The
662 1894 790 1963 Falcon.

197 2037 286 2098 Caius
309 2035 418 2095 nobilia
442 2035 563 2110 quidam
588 2034 748 2111 Hispanus,
768 2035 897 2096 venandi
916 2036 1015 2096 studio
1035 2055 1111 2095 com·

155 2131 254 2209 pluree
280 2149 366 2189 canae
396 2128 615 2205 accipitreaqua
642 2127 723 2186 domi
749 2127 852 2189 alebat
911 2128 985 2189 Mox
1012 2136 1110 2190 autem

154 2243 265 2302 pauper
283 2224 378 2281 factus
398 2240 499 2281 omnes
519 2220 647 2279 vendere
665 2225 782 2280 coactus
806 2228 859 2294 eat,
881 2228 994 2299 praeter
1017 2242 1111 2283 unum

153 2319 329 2395 accipitrem,
351 2336 438 2393 quam
462 2315 589 2375 maxime
613 2314 737 2375 amabat
779 2316 871 2375 Haud
894 2317 995 2394 procul
1017 2318 1054 2377 ab
1073 2338 1108 2377 eo

153 2414 218 2473 loco
241 2432 308 2472 cum
332 2429 422 2488 parvo
447 2410 508 2469 filio
532 2408 685 2469 habitabat
706 2409 821 2482 Fulvia,
842 2411 952 2470 femina
972 2412 1054 2471 divea
1077 2420 1108 2472 et

153 2524 248 2578 avara,
273 2524 361 2582 quam
384 2504 494 2563 multoe
518 2522 570 2580 per
596 2522 689 2563 annoa
714 2503 803 2563 Caius
831 2505 863 2564 in
891 2506 1105 2565 matrimonium

153 2601 257 2660 ducere
278 2598 403 2658 volebat.
447 2597 505 2656 Illa
526 2602 633 2669 autem,
655 2598 711 2657 etei
735 2599 846 2657 amanti
869 2598 963 2675 primo
986 2600 1103 2675 faverat,

152 2694 274 2771 pauperi
293 2693 404 2751 nubere
426 2691 530 2751 noluit
573 2690 662 2750 Forte
685 2691 808 2752 Fuluiae
832 2693 919 2765 filius,
941 2694 1103 2771 accipitrem

152 2789 217 2850 Caii
237 2786 414 2864 jamdudum
439 2786 569 2859 miratus,
594 2785 695 2845 alitam
720 2786 843 2864 optavit,
868 2806 923 2847 nec
947 2788 1004 2847 alio
1029 2789 1102 2848 dono

151 2882 259 2959 placari
279 2885 412 2957 poterat;
434 2880 555 2938 tandem
576 2879 716 2956 cupidine
736 2886 766 2939 et
786 2880 885 2939 dolore
905 2882 1053 2941 confectus
1069 2882 1101 2942 in

150 2994 268 3052 gravem
282 2975 417 3034 morbum
426 2973 540 3033 cecidit
583 2973 660 3031 Tum
673 2978 766 3033 mater
779 2973 884 3037 infelix
898 2974 1003 3034 Caium
1014 2976 1099 3037 visere

150 3069 313 3141 constituit,
341 3085 493 3143 avemque
526 3084 633 3142 rogare.
675 3065 719 3125 At
753 3066 843 3127 Caius
875 3068 928 3126 ubi
956 3069 1098 3130 mulierem

150 3163 307 3222 adeuntem
327 3161 418 3233 videt,
441 3158 520 3236 quod
539 3159 619 3219 nihil
635 3160 698 3235 jam
719 3160 778 3220 cibi
799 3161 879 3221 domi
899 3162 1034 3235 habebat,
1050 3182 1097 3223 nec

150 3276 214 3316 eam
227 3255 311 3314 nullo
325 3255 454 3331 accipere
469 3253 600 3330 hoapitio
619 3253 770 3327 tolerabat,
785 3255 882 3314 victua
895 3274 993 3315 amore
1005 3257 1096 3317 alitam

149 3350 330 3437 carissimum
341 3348 498 3423 interfecit,
509 3352 693 3423 coctumque
702 3349 854 3425 proposuit
864 3346 982 3428 hospiti.
1023 3351 1095 3411 Haec

149 3443 202 3502 ubi
212 3442 304 3503 aenait
313 3440 429 3514 Fulvia,
440 3440 495 3499 tali
507 3458 605 3500 amora
617 3439 758 3518 mitigati,
776 3440 846 3502 Caio
860 3443 980 3503 tandem
994 3445 1093 3523 nupsit.
