2425 3850
442 220 717 291 translations.
1017 227 1056 288 45

97 409 137 469 ab
160 409 252 469 oculis
273 411 402 472 omnium
428 412 562 472 abditum
584 419 636 473 est.
679 415 722 473 At
742 419 850 488 tonsor,
873 415 919 476 vir
939 416 1056 494 loquax,

98 503 162 580 qui,
178 503 250 562 dunt
271 511 370 565 manet
390 507 422 566 in
442 506 523 580 urbe,
545 527 606 566 rem
628 508 679 566 vix
700 509 821 582 celabat,
844 529 893 568 rus
914 510 1056 583 discessit,

98 599 244 677 regisque
260 599 407 659 fortunam
421 601 572 661 arboribus
593 603 730 662 narravit.
775 603 839 662 Has
853 608 950 663 autern
965 623 1058 663 coma·

99 711 167 752 rum
187 715 315 765 susurru,
331 693 410 773 quod
425 699 513 754 vento
528 695 600 754 rami
614 696 716 772 agitati
730 702 809 771 sunt,
825 696 872 756 his
886 697 982 758 verbis
997 717 1057 758 rem

99 785 271 865 vulgabant,
289 786 394 848 “Sunt
407 787 507 847 Midae
521 807 604 848 aures
618 787 719 848 asini.'’

405 1013 457 1092 65.
480 1012 510 1076 A
533 1011 744 1096 Scapt-Goat.

143 1147 257 1226 Vulpes
281 1147 392 1218 sitiens,
418 1166 492 1223 quae
516 1146 673 1206 desiluerat
696 1147 729 1206 in
757 1153 888 1224 puteum,
913 1149 994 1209 haud
1017 1152 1060 1210 ita

99 1241 204 1316 alturn,
216 1242 268 1300 sed
278 1241 418 1300 lateribus
429 1241 600 1318 praeruptis,
613 1246 777 1317 postquam
789 1261 904 1301 ornnem
917 1245 1059 1304 rationem

100 1337 188 1412 fugae
202 1336 309 1394 frustra
323 1339 494 1407 tentaverat,
507 1334 545 1392 eb
559 1335 639 1392 omni
650 1353 700 1411 spe
712 1335 824 1394 reditus
838 1337 995 1396 interclusa
1006 1348 1057 1398 est

101 1429 178 1488 Mox
198 1435 296 1489 tamen
317 1448 409 1507 caper,
425 1429 477 1504 qui
497 1447 604 1505 aquarn
625 1428 751 1505 petebat,
767 1429 846 1505 quod
867 1431 974 1490 fervidi
990 1433 1061 1492 solis

100 1523 177 1582 radii
188 1542 270 1600 agros
280 1523 412 1598 urebant,
424 1523 597 1582 adeundam
609 1527 732 1600 puteum
743 1522 870 1583 advenit
916 1530 934 1557 “
944 1525 1061 1598 Selve,’'

100 1615 210 1693 inquit,
221 1615 421 1688 “dulcissima,
432 1633 531 1673 nonne
540 1633 616 1692 equa
625 1615 681 1673 ista
690 1615 796 1692 frigide
805 1622 849 1675 est
858 1617 1061 1693 etjuoundcl”
1088 1665 1092 1673 .

101 1709 173 1768 “At
209 1728 361 1786 nunquam
392 1708 598 1785 jucundiorem
632 1706 724 1781 blbi‚’'
758 1710 910 1786 respondit
925 1760 928 1769 .
944 1712 1058 1788 vulpes,

102 1803 218 1862 “desili
240 1803 331 1879 igitur
355 1822 443 1880 quem
463 1801 625 1876 celerrime,
647 1821 699 1878 ego
725 1803 803 1862 enim
825 1804 950 1880 jam-diu
975 1825 1060 1883 parco

101 1916 202 1975 aquae,
215 1897 295 1974 quod
310 1903 338 1956 ts
349 1896 498 1975 expecto.'’
539 1894 606 1955 Hoc
616 1896 669 1955 ubi
683 1895 797 1957 audivit
807 1898 930 1958 stultum
941 1900 1059 1975 animal,

101 1997 135 2055 in
157 2002 278 2073 puteum
300 1995 428 2054 desiluit.
472 1994 514 2053 At
534 1994 639 2071 vulpes
660 1995 766 2053 callida
789 1996 821 2055 in
846 2016 953 2057 cornua
973 1999 1060 2058 amici

102 2094 248 2171 prosiluit,
263 2112 388 2170 quorum
403 2096 564 2169 aportasse
578 2091 615 2151 ad
629 2098 735 2151 terram
755 2093 930 2157 sublevavit.
974 2095 1058 2171 Inde,

102 2188 201 2247 miseri
214 2188 300 2246 amici
315 2187 466 2245 immemor
479 2186 598 2244 domum
614 2184 752 2247 discessit

436 2418 488 2483 66.
510 2417 728 2501 Ingratitude.

142 2566 235 2647 Apud
259 2573 394 2645 antiquos
419 2566 572 2645 scriptores
598 2566 692 2625 multa
719 2566 842 2643 legimus
869 2567 906 2626 de
930 2570 1056 2645 quodem

101 2664 209 2742 equite,
235 2661 287 2737 qui
310 2660 485 2737 Philippum
510 2661 559 2739 (de
583 2678 642 2737 quo
666 2679 753 2736 supra
781 2659 1057 2744 demonstravimus)

100 2755 327 2817 mansuetudine
361 2754 561 2831 exsuperabat.
613 2754 692 2813 Huic
720 2755 808 2826 enirn,
837 2753 908 2815 dum
942 2759 1058 2818 saucius

101 2850 186 2911 humi
197 2851 285 2926 jacet,
300 2868 404 2925 aquam
420 2849 515 2909 multo
529 2848 629 2907 labore
649 2852 852 2925 apportaverat
865 2850 982 2913 amicus.
1027 2853 1058 2913 Is

101 2951 201 3005 autem
225 2942 335 3019 insigni
358 2941 537 3001 abstinentia
566 2960 672 3018 aquam
695 2941 749 2999 uni
774 2960 811 3001 ex
837 2940 981 3018 hostibus,
1006 2947 1059 3023 qui

97 3040 188 3117 juxte
197 3037 323 3115 jacobat,
335 3035 477 3112 integram
493 3034 635 3112 praebuit
671 3034 715 3093 At
728 3035 856 3113 perfidus
869 3036 971 3111 hostis,
987 3038 1059 3099 dum

101 3133 214 3192 donum
234 3130 348 3207 accipit,
371 3128 465 3189 cultro
487 3148 615 3203 manum,
631 3147 706 3205 quas
725 3129 864 3205 poculum
884 3131 1057 3208 porrigebat,

101 3226 277 3287 vulneravit
321 3223 396 3282 Tum
424 3242 511 3299 eques
531 3222 647 3297 ingrato
667 3221 724 3281 viri
744 3222 841 3282 animo
862 3222 961 3296 iratus,
982 3231 1059 3301 post-

101 3338 191 3399 quam
212 3337 279 3378 sum
303 3316 416 3377 modico
439 3315 616 3394 culpaverat,
639 3320 750 3393 partem
775 3335 866 3394 aquae
887 3318 949 3395 ipse
970 3317 1056 3393 bibit,

102 3419 214 3493 partem
229 3418 327 3472 tamen
342 3410 422 3470 hosti
434 3410 541 3470 iterum
555 3409 645 3471 dedit.
