2425 3850
439 281 715 350 Translations.

326 621 378 687 73.
400 607 432 670 Α
450 605 576 670 Breaclc
590 607 634 690 cs
641 606 828 689 Disciplina.

138 759 318 832 Fredaricus,
334 757 546 818 Germanorum
558 778 620 833 rex,
635 758 715 834 quod
735 759 773 818 ab
791 758 926 818 hostibus
946 777 1055 835 preme

93 854 192 928 batur,
208 853 376 912 saevissimi.
389 852 546 929 disciplini.
558 853 669 912 milites
683 852 846 913 cohibebat
890 854 956 912 Rex
969 871 1054 928 saepe

93 953 187 1007 noctu
212 946 291 1006 solus
318 966 370 1024 per
397 952 490 1006 castra
516 947 696 1021 ambulabat,
721 952 752 1006 at
778 948 841 1024 ipse
863 947 998 1006 custodes
1021 947 1054 1004 in

93 1040 275 1100 stationibus
289 1040 471 1118 disponebat.
514 1040 694 1116 Aliquando,
710 1040 783 1099 dum
802 1060 882 1099 more
895 1059 948 1099 suo
962 1045 1055 1098 castra

93 1135 262 1212 perlustrat,
285 1135 367 1194 videt
387 1133 545 1208 lucernam,
567 1153 642 1210 quaa
666 1135 699 1192 iu
719 1134 906 1193 tabernaculo
926 1135 1054 1193 finitimo

93 1229 225 1288 ardebat.
276 1227 342 1287 Rex
363 1229 453 1306 igitur
476 1230 528 1306 qui
552 1229 681 1287 maximi
705 1229 749 1287 iri
772 1228 952 1300 movebatur,
973 1229 1054 1304 quod

92 1323 195 1399 ignem
236 1321 382 1380 militibus
423 1321 625 1394 interdixerat,
651 1320 789 1381 ¹silenter
833 1321 1053 1380 tabernaculum

91 1416 227 1475 intravit.
283 1413 341 1474 Hic
376 1415 461 1474 miles
488 1414 642 1493 epistolam
676 1405 823 1474 scribebat
851 1415 888 1472 ad
920 1432 1049 1473 uxorem.

92 1509 178 1568 Dum
202 1508 306 1568 multis
329 1509 426 1568 verbis
450 1509 523 1568 dura
551 1509 680 1586 pericula
703 1509 785 1583 belli,
810 1528 894 1567 suam
917 1508 1050 1583 salutem,

91 1621 291 1678 amoram-que
325 1608 507 1661 constantem
544 1608 651 1675 narrat,
680 1601 780 1661 subito
813 1621 911 1678 ragam
934 1598 1051 1660 ¹iratum

90 1697 205 1773 aspicit
250 1697 400 1770 '1²umrax,
417 1695 560 1755 “Iterum
574 1695 728 1774 epistolam
742 1702 850 1772 repete,
865 1695 937 1754 haec
951 1700 1051 1755 tamen

89 1790 186 1865 adde;
220 1790 287 1850 vale
308 1809 325 1849 o
347 1789 502 1863 carissima,
524 1808 587 1848 cras
607 1789 688 1848 enim
708 1809 770 1866 ego,
792 1790 862 1866 quia
882 1789 1051 1867 imperatori

89 1884 168 1945 male
182 1885 275 1962 parui,
291 1884 396 1961 capitis
410 1883 596 1943 damnabor.”

421 2111 471 2179 74
495 2096 526 2159 Α
545 2094 728 2179 Bull’s-eye.

134 2251 252 2326 Loxias,
278 2250 358 2327 quod
378 2250 470 2310 vitam
494 2251 528 2310 in
551 2251 635 2312 silvis
660 2270 773 2328 semper
796 2248 928 2328 degebat,
950 2271 1052 2311 omnes

90 2346 167 2406 alios
200 2345 364 2422 sagittarios
398 2345 561 2422 superabat.
625 2344 718 2423 Saepe
751 2345 837 2422 lupos
871 2344 1050 2421 aquilasque

90 2439 263 2504 volucribus
283 2438 398 2517 sagittis
418 2439 615 2516 transfigebat,
629 2458 682 2498 neo
703 2458 834 2515 unquam
854 2440 961 2497 frustra
981 2460 999 2498 a
1019 2459 1050 2498 sa

91 2534 188 2594 telum
201 2533 323 2592 missum
337 2538 388 2592 est
432 2533 521 2591 Forte
534 2532 647 2592 incolae
668 2532 749 2591 urbis
769 2532 951 2609 propinquae
963 2532 1050 2592 ludos

92 2626 231 2687 solennes
241 2626 435 2687 celebrabant.
477 2627 579 2686 Primo
589 2625 744 2703 quadrigas
755 2626 904 2702 agitabant
914 2627 1049 2703 juvenes,

93 2721 203 2781 deinde
216 2722 323 2799 pugnis
338 2720 497 2794 certabant,
512 2726 658 2797 postremo
673 2725 818 2779 cenoman
836 2720 1051 2796 sagittariorum

93 2814 268 2875 institutum
290 2820 340 2877 est
392 2813 455 2873 Diu
479 2814 594 2888 Loxias,
616 2814 671 2891 qui
693 2832 761 2873 cum
783 2815 886 2873 ceteris
906 2815 1051 2875 decertare

93 2906 202 2979 noluit,
223 2926 255 2967 se
274 2927 292 2967 a
312 2907 470 2968 eertamme
490 2906 644 2980 abstinuit,
665 2926 720 2965 uec
740 2925 839 2965 arcum
861 2907 900 2967 ab
921 2907 1051 2967 humeris

94 3000 215 3061 amovit
244 2982 396 3077 ⁸Denique
409 2999 529 3077 quidam
544 3018 581 3059 ex
601 3000 689 3077 regiis
701 2999 867 3077 sagittariis,
882 3000 931 3059 cui
943 3020 1051 3060 nomon

94 3098 159 3153 arat
183 3094 344 3169 Hubertus,
370 3095 433 3153 sive
457 3112 535 3167 casu,
560 3111 612 3153 seu
636 3092 716 3169 quod
740 3100 848 3153 ventus
871 3094 899 3152 ei
923 3094 1050 3169 favebat,

95 3185 224 3247 mediam
244 3194 352 3251 motam
377 3186 483 3265 sagittis
502 3186 658 3246 transfixit
709 3186 785 3245 Tum
805 3186 923 3246 demum
944 3187 1053 3247 Loxias

96 3298 197 3340 arcum
211 3281 316 3358 tendit,
332 3287 362 3342 et
375 3299 428 3340 suo
442 3280 501 3340 telo
515 3279 651 3357 sagittam
667 3280 796 3340 liuberti
815 3281 849 3339 in
870 3281 943 3340 duas
956 3289 1053 3358 partes

95 3374 194 3434 findit
256 3376 365 3453 Iugens
389 3375 427 3435 ad
454 3373 567 3433 caelum
600 3373 717 3434 tollitur
743 3374 861 3451 clamor,
884 3391 1052 3452 omnesque

97 3468 267 3529 Hubertum
281 3470 420 3531 victorem
433 3467 570 3529 salutant.
