2425 3850
508 229 786 306 Translations.

499 520 550 602 67.
579 522 610 584 T
606 521 647 585 lze
670 522 802 586 Wolves.

213 653 354 714 Omnium
368 655 548 728 animalium,
564 676 639 732 quae
654 657 808 734 Scythiam
828 657 971 731 incdlunt,
987 658 1137 716 teterrimi
1194 688 1195 695 .

172 751 241 805 aunt
255 745 337 823 lupi3
359 747 391 806 hi
411 749 491 806 enim
512 769 597 826 saepe
621 751 658 809 ab
673 750 754 809 omni
766 755 850 827 parte
863 751 1054 825 converu'unt,
1070 770 1137 827 per·

170 861 227 916 que
252 842 340 900 silvas
365 861 469 918 magno
494 845 610 919 agmine
634 847 771 921 praedam
796 847 962 921 exquirunt
1007 845 1137 904 Femina

170 935 312 1010 quaedam
346 955 413 994 cum
441 937 536 995 tribus
563 937 665 996 liberis
693 958 743 1015 per
771 939 824 996 has
858 939 949 997 silvas
981 939 1015 996 in
1043 959 1133 997 curru

169 1027 337 1087 vehebatur.
382 1027 487 1089 Subito
518 1030 656 1107 luporum
683 1031 816 1091 ululatus
843 1033 970 1104 auditur,
1000 1037 1031 1090 et
1059 1051 1133 1091 mox

170 1120 266 1180 dirum
291 1141 393 1198 agmen
418 1129 545 1201 apparet.
589 1126 710 1184 Frustra
737 1126 789 1183 illa
813 1124 942 1207 habenas
966 1125 1018 1183 dat
1043 1145 1130 1203 equo,
1194 1162 1195 1171 .

169 1235 258 1292 equos
282 1217 360 1274 enim
385 1217 470 1275 facile
495 1236 580 1277 cursu
606 1219 722 1276 assiduo
748 1225 925 1295 exsuperant
949 1219 1021 1295 lupi
1066 1219 1132 1277 Vix
1194 1284 1195 1291 ἵ

166 1309 255 1369 breve
280 1312 408 1387 spatium
432 1313 649 1388 inter-ponitur,
674 1313 846 1390 miseraque
874 1313 984 1371 femina
1012 1312 1131 1389 linguas
1194 1352 1195 1387 3

167 1404 349 1482 sanguineas,
370 1405 468 1464 fauces
490 1407 595 1482 nigras,
619 1407 722 1466 dautes
746 1407 878 1466 crudeles
901 1407 1013 1483 aspicit
1059 1407 1131 1466 Jam
1194 1412 1195 1453 ἲ

167 1498 315 1558 fervidum
329 1500 466 1574 spiritum
480 1519 632 1558 saevorum
646 1501 819 1558 animalium
833 1500 894 1558 fere
907 1501 1006 1558 sentit.
1051 1501 1129 1559 Tum

168 1598 248 1650 metu
269 1612 376 1651 vesano
401 1597 494 1650 mater
517 1612 555 1651 ex
579 1613 666 1651 curru
690 1595 847 1651 minimum
870 1600 945 1652 natu
966 1594 1128 1653 liberorum

168 1685 278 1761 dejicit,
308 1691 339 1744 et
367 1686 444 1746 dono
471 1686 607 1745 horribili
635 1688 777 1763 impetum
807 1687 941 1763 luporum
970 1706 1130 1764 parumper

169 1779 295 1838 cohibet.

384 1982 434 2043 68.
463 1981 494 2043 T
492 1978 531 2042 he
554 1979 681 2044 Wolves
697 1980 900 2063 (continued).

207 2133 307 2191 Primo
328 2138 412 2191 atrox
433 2133 588 2192 consilium
607 2134 754 2206 successit,
770 2133 836 2209 lupi
849 2134 937 2206 enim,
953 2132 1024 2191 dnm
1038 2153 1125 2192 saevo

166 2226 290 2285 clamore
311 2227 446 2303 praedam
460 2228 587 2304 rapiunt,
603 2246 707 2302 agmen
721 2227 850 2300 sistunt;
872 2245 942 2284 mox
956 2232 1057 2285 tamen
1071 2229 1124 2287 ubi

166 2340 280 2387 carnem
295 2339 332 2379 ex
348 2321 461 2379 ossibus
474 2321 573 2378 miseri
584 2321 706 2378 infantis
717 2320 932 2378 dilaniaverunt
944 2321 1009 2398 (nec
1019 2321 1124 2397 longus

165 2414 217 2473 ille
225 2415 284 2473 luit
292 2411 386 2492 labor)
396 2414 500 2472 iterum
511 2413 860 2491 fugientibusinstabant
893 2414 1004 2472 Iterum
1013 2414 1124 2473 femina

165 2509 272 2567 infelix
292 2509 371 2566 idem
392 2508 470 2579 facit,
494 2508 687 2582 alterum-que
707 2507 852 2565 infantem
877 2507 955 2583 lupis
979 2509 1121 2567 concedit.

165 2602 292 2678 Jamque
312 2621 364 2677 per
383 2600 506 2675 arbores,
523 2601 721 2678 spectaculum
741 2601 947 2676 gratissimum,
967 2600 1032 2658 visa
1052 2608 1121 2660 sunt

165 2700 241 2753 tecta
255 2695 370 2754 aedium
385 2695 417 2752 in
432 2695 539 2771 quibus
554 2694 641 2752 amici
655 2693 838 2765 habitabant,
853 2694 1015 2770 fessusque
1030 2713 1121 2771 aquus

165 2790 326 2865 ingeminat
340 2808 463 2848 cursum
508 2788 537 2846 N
540 2807 571 2845 ec
583 2794 681 2845 tamen
692 2789 812 2845 domurn
822 2788 952 2860 advenit,
964 2793 1119 2865 antequam

165 2888 256 2941 mater
270 2884 389 2941 tertium
403 2882 547 2940 infantem
561 2881 664 2939 eodem
678 2880 765 2940 modo
779 2881 866 2939 morti
880 2880 996 2958 objecit.

205 2977 280 3035 Inde
288 2977 340 3036 ubi
350 2980 557 3035 convocaverat
568 2976 747 3051 propinquos
756 2974 848 3032 fatum
860 2975 1017 3033 liberorum
1026 2994 1118 3033 suam-

164 3090 221 3146 que
241 3070 340 3147 lugam
360 3070 495 3128 narravit.
549 3069 625 3125 Tum
650 3067 794 3125 maximus
818 3074 899 3138 natu,
922 3067 994 3125 dum
1015 3070 1117 3127 caeteri

162 3164 279 3223 horrore
307 3162 502 3239 obstupefacti
529 3166 618 3234 sunt;
647 3160 719 3218 “Tu
747 3161 807 3218 tuis
832 3160 1024 3236 infantibus,”
1048 3182 1115 3221 voce

160 3258 259 3334 inquit
269 3257 402 3329 terribili,
417 3260 434 3289 “
443 3275 503 3314 non
514 3255 651 3331 parcebas
663 3275 671 3327 ;
690 3273 745 3312 nec
755 3274 808 3330 ego
819 3254 876 3312 tibi
885 3273 964 3312 nunc
975 3257 1114 3331 parcam.''

161 3351 242 3409 Haec
257 3351 309 3410 ubi
319 3351 441 3422 dixerat,
454 3349 555 3419 securi,
568 3366 656 3423 quam
671 3365 760 3405 manu
772 3347 899 3420 tenebat,
912 3354 1000 3423 caput
1009 3348 1113 3425 impiae

163 3443 262 3501 matris
277 3443 426 3519 percussit.
