2425 3850
493 203 777 272 ,Translation's

349 479 418 542 128.
446 427 513 542 ‘sta
528 477 556 542 S
558 476 773 542 ubterranean
787 476 943 559 Passage.

206 629 300 690 Sinon
322 630 405 690 dives
428 630 471 689 ita
490 630 593 703 factus,
621 629 700 706 quod
724 629 844 689 domum
868 629 907 688 sd
930 647 999 687 suos
1026 626 1130 686 redire
1192 615 1193 638 ¹

164 724 268 797 voluit,
283 729 388 783 nactus
408 724 548 782 idoneum
568 729 685 800 tempus
706 724 743 782 sd
764 723 972 800 navigandum,
994 741 1011 779 e
1033 728 1129 799 portu

164 819 261 879 solvit
304 818 347 876 At
369 837 476 894 paucos
498 824 566 894 post
588 817 651 876 dies
673 826 771 876 coorta
793 822 837 876 est
859 816 1028 876 saevissima
1050 821 1130 874 tem-
1192 875 1193 894 χ

164 919 269 989 pestes,
284 913 369 988 cujus
383 911 524 970 violentia
537 911 631 982 navis,
646 911 683 969 ad
704 911 839 988 scopulos
859 910 991 990 appulsa,
1007 909 1129 968 naufra-

165 1007 248 1083 gium
261 1006 338 1066 fecit
383 1005 449 1064 Hoc
463 1006 497 1063 in
510 1005 575 1063 loco
589 1012 687 1064 aestus
701 1024 752 1082 per
773 1005 850 1063 latus
864 1005 972 1062 montis
987 1023 1130 1080 praerup-

165 1105 230 1158 tum
244 1100 328 1158 alveo
342 1099 421 1158 haud
435 1100 478 1157 ita
492 1118 597 1175 magno
607 1097 738 1156 fluminis
750 1099 836 1157 modo
844 1099 983 1157 volvitur.
1029 1097 1129 1156 Sinon
1192 1135 1193 1178 t

166 1194 355 1270 comitesque
380 1193 543 1268 complures
568 1193 630 1250 dies
655 1193 687 1250 in
712 1196 834 1268 angusta
858 1211 930 1268 rupe
954 1191 1127 1262 manebant,
1192 1201 1193 1224 ἒ

166 1286 247 1363 quod
266 1286 337 1345 hinc
356 1287 401 1344 vis
421 1286 564 1344 fluctuum
584 1305 633 1344 eos
654 1285 734 1344 abire
754 1286 915 1362 prohibuit,
934 1285 1019 1343 illinc
1040 1303 1130 1343 mons

167 1382 328 1439 altissimus
351 1380 435 1438 nullo
460 1379 548 1437 modo
572 1379 690 1437 ascendi
713 1380 818 1454 potuit.
861 1378 990 1437 Tandem
1021 1377 1128 1451 Sinon,

167 1481 324 1551 postquam
337 1492 458 1551 parvam
470 1480 562 1531 ratem
577 1492 593 1531 e
606 1473 739 1531 trabibus
754 1473 838 1531 navis
852 1472 968 1544 fecerat,
984 1472 1049 1531 sins
1065 1471 1129 1530 ullo
1192 1525 1193 1528 ,

169 1570 275 1626 comite
295 1587 326 1626 se
347 1567 529 1625 committere
550 1585 638 1625 ausus
659 1573 703 1625 est
723 1565 848 1640 flumini,
864 1567 944 1643 quod
961 1566 1017 1624 sub
1032 1566 1129 1624 imum

169 1666 300 1720 moutam
323 1660 460 1719 volutum
488 1664 539 1719 est
583 1659 659 1717 Inde
687 1679 738 1737 per
765 1661 828 1718 vias
856 1659 984 1718 occultas
1011 1663 1130 1717 summa

169 1755 316 1813 celeritate
329 1758 440 1826 vectus,
456 1753 537 1829 quod
550 1772 605 1811 nec
619 1753 676 1812 iter
689 1753 789 1812 videre
803 1772 857 1812 nec
872 1772 989 1812 cursum
1003 1752 1129 1828 dirigere

169 1847 402 1927 poteratqlabore
416 1852 446 1906 et
460 1847 592 1906 excubiis
606 1846 747 1922 defessus,
758 1847 840 1924 gravi
854 1865 956 1906 somno
970 1864 1129 1924 oppressus

171 1948 223 2004 ast

482 2136 550 2203 129.
574 2120 683 2184 Home
694 2131 735 2186 at
747 2122 820 2186 last.

213 2274 278 2349 Quo
291 2291 394 2332 somno
409 2270 504 2333 Sinon
518 2292 681 2350 oppressus,
692 2274 766 2333 duos
776 2274 840 2333 dies
853 2272 935 2332 omni
949 2292 1039 2332 sensu
1053 2290 1126 2331 care-

171 2368 243 2444 bat3
271 2367 357 2427 tertio
380 2373 480 2425 tamen
504 2367 560 2440 die,
586 2368 639 2425 ubi
663 2368 796 2426 animum
816 2367 871 2427 vix
893 2366 1011 2443 recepit,
1035 2366 1125 2425 solem

171 2464 266 2523 laetus
285 2461 417 2538 aspexit:
439 2461 510 2519 ratis
531 2461 619 2534 enim,
635 2461 707 2521 dum
727 2462 790 2539 ipse
807 2462 924 2535 dormit,
940 2461 997 2520 iter
1016 2460 1126 2537 pericu·

170 2557 266 2616 losum
286 2556 457 2627 confecerat,
473 2560 503 2612 et
517 2555 549 2613 vi
562 2555 693 2614 fluminis
707 2560 791 2615 vecta
813 2556 850 2614 ad
872 2555 1015 2633 oppidum
1035 2554 1124 2630 quod·

172 2652 249 2724 dam,
278 2650 311 2707 in
338 2648 401 2724 ripi
428 2648 566 2724 positum,
594 2648 760 2708 advenerat
812 2648 929 2707 Deinde
957 2648 1044 2723 cives,
1073 2647 1125 2707 tali

172 2741 311 2802 miraculo
335 2741 462 2814 attoniti,
489 2740 631 2801 Sinonem
658 2742 697 2801 ad
724 2762 821 2819 regam
851 2761 938 2801 suum
965 2741 1120 2801 duxerunt

171 2838 240 2909 Hic,
256 2841 410 2913 postquam
430 2854 492 2893 rem
513 2854 629 2894 omnam
647 2837 792 2913 cognovit,
807 2836 887 2913 quod
901 2840 984 2894 tants
998 2834 1123 2912 pericula

171 2931 329 3009 plusquam
359 2927 488 2987 humana
514 2928 701 3005 videbantur,
730 2929 843 3006 Sinoni,
872 2930 992 2999 honoris
1026 2933 1119 3002 causi,

171 3024 295 3102 pallium
309 3041 486 3099 purpureum
501 3040 685 3099 auream-qua
699 3043 833 3083 coronam
850 3024 914 3082 dari
930 3022 1029 3100 jussit,
1045 3022 1123 3081 navi-
1152 3060 1154 3067 ·

171 3137 229 3196 que
243 3116 354 3194 egregii
369 3114 498 3174 donavit
542 3115 619 3174 Inde
632 3116 735 3191 Sinon,
747 3116 883 3177 secundis
893 3117 991 3177 ventis
1005 3115 1122 3176 domum

170 3213 318 3283 advectus,
347 3208 425 3267 inter
451 3208 559 3268 amicos
593 3211 842 3288 propinquosque
872 3210 1019 3287 reliquum
1046 3211 1121 3270 vitae

169 3304 299 3381 spatium
312 3300 471 3380 tranquille
484 3303 605 3380 peragit,
617 3322 671 3363 nec
685 3304 747 3365 ullo
760 3304 890 3381 periculo
904 3303 1025 3383 posthac
1039 3324 1122 3365 vexa·

170 3406 220 3456 tus
233 3401 285 3460 est
