2425 3850
430 269 711 340 translations.

283 548 430 610 PIECES
448 544 534 609 FOR
554 547 856 609 TRANSLATION.

331 699 400 762 131.
427 680 496 747 The
508 681 669 764 Donkey’s
682 680 816 746 Advice.

135 816 273 893 Agricola
300 817 428 893 quidam,
450 819 569 876 nomine
590 818 672 890 Cato,
695 837 857 877 sermonem
877 815 1046 876 animalium

94 911 252 970 intellexit
296 911 355 970 Hie
369 910 440 970 olim
453 911 567 986 bovem,
581 913 633 987 qui
647 911 794 970 fortunam
808 911 958 970 adversam
968 909 1048 986 apud

94 1007 212 1063 asinum
226 1005 408 1080 querebatur,
423 1005 545 1065 audivit
584 1010 602 1038 “
612 1004 763 1080 Utinam,”
773 1006 872 1080 inquit
880 1005 942 1078 bos,
957 1007 975 1035 “
985 1021 1049 1061 mea

93 1103 215 1162 fortuna
234 1113 302 1161 tuae
326 1103 430 1161 similis
452 1106 534 1162 esset.
578 1103 620 1161 Te
644 1103 775 1178 quotidie
796 1107 895 1161 noster
913 1102 1049 1177 magister

95 1196 252 1273 diligenter
262 1201 351 1268 curat,
364 1195 420 1254 tibi
431 1195 633 1254 dulcissimum
642 1197 741 1255 eibum
755 1201 856 1273 parat3
877 1214 928 1271 ego
940 1199 1047 1262 tamen,

95 1291 148 1366 qui
169 1289 276 1348 arando
291 1294 387 1348 totum
401 1290 480 1348 diem
500 1308 648 1363 consumo,
670 1291 799 1366 gramine
819 1307 919 1348 vescor
939 1287 1048 1350 tenui.'’

94 1383 154 1443 Cui
168 1383 276 1454 asinus,
293 1383 366 1440 “Tu
380 1387 487 1456 tamen,
503 1403 520 1442 o
535 1383 716 1456 stultissime,
732 1384 834 1442 merito
848 1383 919 1441 haee
933 1379 1048 1457 patbris,

94 1477 175 1552 quod
196 1476 263 1552 jugi
286 1477 411 1534 nimium
436 1477 551 1553 patiens
573 1496 611 1536 es.
656 1477 717 1538 Cur
739 1496 800 1536 non
823 1476 960 1552 magistro
984 1474 1050 1532 istis

95 1571 234 1628 cornibus
250 1575 375 1627 mortem
395 1569 533 1629 minaris?
574 1570 636 1631 Cur
653 1591 714 1629 uon
734 1575 864 1646 mugitus
883 1568 1050 1626 horrisonos

96 1665 179 1722 §dist
238 1663 304 1721 Hoc
332 1662 453 1722 oonsilio
481 1684 552 1722 usus
579 1666 727 1723 fortunam
754 1664 904 1722 meliorem
937 1660 1047 1720 reddes.

96 1757 215 1829 Cibum,
231 1775 319 1832 quem
331 1751 389 1814 tibi
405 1755 493 1815 hodie
507 1757 584 1816 servi
604 1758 766 1830 attulerint,
782 1756 866 1815 edera
886 1755 969 1830 noli;
988 1774 1050 1814 oras

96 1857 205 1924 autern,
220 1870 258 1907 ne
278 1855 308 1908 te
329 1856 423 1908 aratro
441 1852 577 1928 jungant,
593 1853 674 1910 omni
687 1853 719 1911 vi
732 1852 888 1930 repugua'’
930 1851 988 1909 Bos
1008 1850 1049 1923 id,

96 1946 178 2023 quod
211 1946 387 2021 imperatum
415 1952 467 2019 est,
496 1947 575 2005 fauit
631 1946 675 2005 At
702 1948 844 2024 magister,
874 1947 926 2024 qui
953 1946 1052 2005 omnia

96 2039 258 2111 audiverat,
273 2044 308 2096 ut
321 2040 437 2097 asinum
450 2059 503 2116 pro
517 2041 639 2099 oonsilio
659 2042 786 2119 puniret,
802 2060 870 2100 eum
889 2046 983 2099 aratro
998 2058 1050 2118 pro

95 2134 172 2192 bove
182 2133 271 2209 jungi
281 2134 379 2208 jussit.
430 2160 433 2165 ·

223 2329 292 2393 132.
321 2313 387 2377 The
401 2314 562 2395 Donkey's
577 2315 704 2379 Advice
720 2312 930 2399 (continued).
987 2398 989 2401 Ι
1045 2372 1047 2377 ,

136 2449 270 2527 Vesperi,
283 2450 336 2507 ubi
347 2450 455 2523 asinus,
467 2450 565 2510 labore
576 2452 693 2511 insueto
704 2451 842 2525 defessus,
854 2451 891 2509 ad
903 2450 1051 2509 stabulum

95 2544 192 2615 rediit,
205 2563 222 2601 a
236 2544 342 2602 comite
353 2536 624 2604 summis'laudibus
635 2551 769 2622 aceeptus
780 2550 832 2604 est.
876 2543 933 2603 Ille
944 2550 1050 2618 autem,

96 2658 185 2715 quem
199 2638 304 2714 prioris
319 2638 434 2697 consilii
447 2640 510 2714 jam
524 2640 702 2715 poenitebat,
718 2639 843 2697 amioum
864 2639 907 2697 ita
927 2640 1050 2698 monuit

97 2736 116 2766 “
128 2732 217 2803 Cave,
237 2732 280 2789 mi
300 2733 401 2805 amice,
423 2751 460 2790 ne
481 2732 563 2791 istud
583 2734 677 2791 otium
698 2733 754 2792 tibi
776 2733 842 2809 plus
864 2752 951 2809 quam
970 2733 1053 2791 labor

96 2826 240 2904 pristinus
255 2831 364 2884 noceat
409 2827 513 2902 Nuper
530 2827 618 2899 enim,
635 2826 706 2886 dum
727 2847 764 2886 ex
784 2828 860 2903 agris
880 2828 974 2899 redeo,
989 2846 1054 2886 nos·

96 2926 178 2978 trum
202 2918 303 2977 audivi
327 2918 507 2995 magistrum,
530 2920 582 2995 qui
607 2925 637 2978 te
657 2939 718 2978 oras
739 2922 859 2980 mactari
874 2922 974 2998 jussit,
994 2921 1054 2979 nisi

98 3032 185 3090 opere
198 3011 285 3071 solito
299 3010 384 3087 fungi
399 3011 496 3071 velles.
540 3012 570 3070 N
572 3016 588 3071 e
601 3018 632 3071 te
646 3013 708 3071 sine
722 3017 808 3072 eausa
828 3019 910 3075 tanto
924 3015 1053 3091 periculo

99 3106 268 3166 obtuleris.''
310 3104 426 3179 Quibus
447 3106 544 3165 verbis
567 3108 747 3183 perterritus,
769 3107 831 3183 bos,
853 3110 905 3185 qui
924 3109 1054 3167 cultrum

97 3199 256 3259 sacerdotis
266 3200 329 3276 jam
343 3200 441 3258 animo
460 3201 628 3276 praesensit,
643 3201 750 3278 gratias
770 3204 852 3261 asino
865 3221 918 3281 pro
932 3202 1053 3261 oonsilio

97 3292 259 3373 ptilissimo
284 3294 350 3370 egit
393 3293 514 3353 Postero
541 3294 632 3371 igitur
656 3296 712 3367 die,
738 3295 792 3354 ubi
819 3296 944 3373 agricola
971 3314 1054 3373 agros

98 3388 207 3449 iterum
227 3406 307 3445 arare
327 3386 432 3461 voluit,
453 3387 507 3447 bos
522 3389 596 3465 jugo
617 3408 777 3467 repugnare
796 3408 858 3448 non
877 3408 974 3464 ausus,
991 3389 1054 3466 ipse

99 3500 186 3541 suum
201 3480 311 3539 collum
325 3486 420 3540 aratro
434 3482 577 3559 praebuit.
