2425 3850
411 27 421 76 t

426 259 702 332 Translatione.

341 557 387 605 12.
416 538 483 602 The
498 538 655 622 Sporting
671 537 798 603 Doctor.

131 679 239 738 Timon
251 677 392 749 medicus,
406 676 453 735 vir
465 675 619 752 benignus,
635 675 687 734 ead
706 685 825 735 omnino
846 676 964 753 ignarus
977 696 1045 736 eoae

90 773 170 846 artis,
199 771 383 848 intelligebat
413 789 467 829 neo
498 789 597 828 causas
624 788 678 827 neo
709 770 835 829 remedia
868 770 1043 832 morborum.

90 869 197 943 Itaque
225 866 345 925 clientes
372 863 544 941 plerumque
568 862 757 922 discedebant
778 884 794 923 e
817 865 887 924 vita
940 864 1046 924 Timon

90 965 153 1019 erat
177 963 306 1032 venator,
332 957 452 1017 sedilus
478 957 598 1033 quidem
622 957 674 1015 sed
697 958 858 1035 imperitus.
909 958 1048 1018 Habebat

91 1054 207 1112 multoe
213 1072 297 1112 canes
308 1056 338 1112 et
349 1071 446 1129 equos,
462 1052 513 1110 aed
521 1051 674 1128 praecipue
684 1052 800 1110 amabat
809 1051 908 1129 jaoula
917 1054 1049 1128 sagittae

92 1166 158 1224 que.
213 1147 376 1222 Quondam,
401 1146 472 1204 dum
496 1150 579 1223 parat
606 1144 665 1203 telo
691 1151 759 1204 ante
782 1151 897 1222 portam
921 1147 1046 1220 aedium,

92 1240 218 1299 occurrit
244 1241 362 1299 amiens.
420 1238 473 1298 “O
502 1239 640 1312 medioe,''
667 1238 774 1314 inquit,
805 1239 920 1298 “hodie
944 1239 1048 1300 saltem

91 1333 206 1392 oeoidee
219 1331 322 1392 nihil.''

382 1585 429 1648 13.
456 1565 766 1651 Orchard·r0bbing.

134 1705 174 1764 In
187 1704 334 1783 Hispania
347 1705 418 1764 olim
432 1704 554 1764 vivebat
567 1704 657 1778 Nero,
671 1711 747 1780 'puer
759 1704 917 1782 improbus,
960 1706 1049 1766 Forte

93 1806 156 1859 erat
175 1800 274 1859 vicino
294 1800 327 1857 in
347 1799 432 1857 horto
454 1817 558 1875 magna
571 1797 665 1868 arbor,
681 1799 802 1857 maturio
822 1801 917 1875 pomis
934 1807 1046 1861 onusta

93 1895 158 1956 Ubi
178 1913 252 1972 puer
273 1893 355 1954 videt
377 1891 516 1967 arbitrem,
538 1911 643 1970 magne
662 1892 768 1971 eupido
790 1895 914 1971 praedae
927 1894 1050 1972 oemipat

93 1990 233 2050 animum.
292 1988 402 2047 “Num
423 1986 560 2047 dominus
581 2006 628 2045 me
648 1986 805 2046 videbitl”
825 1989 924 2065 inquit
943 1990 1049 2049 avidus

93 2103 174 2161 puer.
220 2082 310 2142 “Cur
324 2101 384 2141 non
399 2082 499 2141 statim
513 2080 639 2140 ascendo
652 2079 827 2140 arboremt”
868 2084 972 2160 Itaque
986 2084 1050 2143 sine

94 2186 176 2235 mora
197 2175 353 2253 prehendit
376 2194 498 2247 ramum,
520 2180 550 2233 et
571 2174 664 2233 trahit
686 2195 717 2233 ee
738 2176 771 2234 in
793 2177 932 2236 arborem.
979 2176 1048 2237 Jam

93 2270 178 2329 sedet
201 2270 279 2328 inter
300 2288 404 2345 poma;
425 2270 488 2345 jam
512 2268 617 2327 dextra
640 2272 721 2327 tenet
743 2274 838 2345 gratas
858 2270 963 2347 fruges.
1005 2272 1049 2330 At

94 2364 194 2424 subito
214 2363 299 2422 audit
321 2382 440 2422 raucum
465 2362 628 2422 clamorem.
671 2362 746 2435 Eece
769 2362 852 2422 videt
872 2364 928 2423 eub
948 2365 1048 2424 arbore

93 2476 235 2534 magnum
255 2475 432 2532 saevumque
452 2476 561 2516 canem.
604 2455 685 2514 Nero
703 2456 809 2515 frustra
829 2476 861 2515 ee
881 2458 963 2531 celat,
978 2478 1048 2518 nam

94 2551 178 2610 oanis
212 2551 303 2609 sentit
336 2550 439 2623 furem,
468 2549 640 2626 impletque
678 2568 760 2626 agree
793 2568 880 2610 rauco
914 2551 1044 2614 elamore.

93 2644 233 2743 Denique
243 2644 322 2721 jtoet
335 2644 391 2703 sub
404 2644 506 2703 arbore
519 2648 736 2721 exspectatque
749 2663 879 2721 puerum.

281 2881 329 2945 14
355 2862 657 2947 Orchard-robbing
669 2862 873 2949 (continued).

137 3000 201 3059 Diu
214 3018 287 3077 puer
298 3003 398 3059 manet
410 3000 443 3058 in
457 2999 518 3057 elta
530 2999 604 3058 etde.
649 2998 767 3059 Interea
779 3001 875 3060 volvit
895 3001 928 3061 in
950 3005 1048 3064 animo

95 3093 191 3152 multa
214 3097 245 3151 et
265 3092 371 3151 eelllda
392 3093 519 3151 oonsilio.
565 3092 703 3151 “Nonne
727 3111 830 3152 eaevue
857 3101 954 3155 ouetoo
978 3117 1049 3157 mox

94 3185 239 3246 dormiett
279 3185 388 3245 Nonne
401 3185 493 3262 caligo
506 3180 602 3244 noetio
622 3185 759 3245 liberabit
771 3187 861 3248 met''
901 3186 1048 3266 Denique,

96 3280 178 3358 quod
191 3280 271 3339 oanis
291 3298 352 3339 non
372 3279 513 3355 relinquit
534 3278 719 3355 praesidium,
735 3279 869 3357 desperet
888 3282 926 3363 qe
945 3283 1047 3343 silita.

95 3378 140 3435 At
153 3376 272 3435 fortuna
292 3375 379 3451 juvat
402 3374 560 3450 captivum.
603 3372 696 3451 Niger
709 3379 809 3433 taurus
828 3376 921 3435 intrat
939 3396 1047 3452 agrum.

98 3469 207 3531 Statim
221 3468 303 3528 videt
317 3486 427 3542 canem,
443 3472 473 3527 et
486 3470 572 3527 torva’a'
582 3466 678 3526 fronte
697 3467 772 3545 petit
786 3473 941 3544 antiquum
954 3469 1053 3531 lutmi-
