2425 3850
165 243 204 303 30
500 238 781 308 Translations.

166 434 284 494 fratrem
298 432 335 492 ad
349 432 458 492 lectum
472 433 596 505 vocavit,
620 432 715 508 eique
734 451 832 491 curam
854 451 1009 509 parvorum
1034 429 1127 488 liber-

168 547 250 588 orum
278 526 437 586 mandavit
489 526 546 586 Illa
573 526 676 584 multis
702 545 770 584 cum
797 525 924 586 lacrimis
950 527 1127 586 mandatum

166 622 281 698 accipit,
292 620 454 697 fidemque
464 639 557 680 unum
565 639 677 679 annum
687 619 828 696 integram
838 626 942 680 servat
986 619 1126 681 Secundo

167 717 267 777 tamen
286 733 372 787 anno,
388 713 467 790 quod
487 713 574 774 liberi
594 718 677 773 arant
696 714 773 790 agris
793 715 989 790 nummisqua
1010 714 1128 773 divitis-

168 810 244 883 simi‚
271 813 401 886 patruus,
426 808 489 866 auri
513 807 626 881 avidus,
651 806 774 866 insidias
797 808 955 885 nepotibus
981 807 1124 866 struebat

169 905 275 980 Itaque
305 902 379 961 duos
409 901 537 960 latrones
564 901 601 960 ad
629 920 691 960 sese
718 900 853 977 appellat
910 901 1127 974 “Interficita‚”

165 998 273 1075 inquit,
312 995 413 1054 “clam
444 994 498 1054 hos
530 995 677 1067 infantes;
713 994 798 1053 vobis
832 1013 970 1072 magnum
1005 994 1124 1072 pondus

167 1091 288 1170 argenti,
304 1090 429 1167 pretium
443 1087 547 1162 caedis,
563 1087 666 1148 dabo.”

275 1309 326 1372 42.
357 1291 388 1356 T
383 1289 422 1354 lu
435 1288 541 1354 Babes
556 1289 591 1352 in
604 1289 657 1352 tlte
681 1288 783 1352 Wooa’
795 1287 1005 1372 (continued).

210 1429 357 1490 Postridie
381 1428 488 1486 Timon
509 1426 586 1484 mali
606 1426 709 1484 fraude
732 1425 854 1503 nepotes
877 1425 915 1484 ad
936 1446 968 1484 se
991 1425 1123 1485 advdcat.

171 1529 189 1558 “
199 1524 324 1596 Hodie,”
338 1523 446 1598 inquit,
462 1521 605 1579 “vicinae
627 1521 708 1580 urbis
727 1520 840 1580 incolae
854 1521 941 1580 ferias
961 1527 1052 1597 agunt
1061 1541 1071 1594 ;
1092 1521 1126 1579 hi

170 1619 261 1696 igitur
288 1636 325 1676 ex
353 1617 425 1674 meis
453 1615 544 1673 servis
578 1614 749 1688 fidelissimi,
779 1614 949 1673 deliciarum
979 1618 1065 1673 causi
1096 1620 1126 1672 et

170 1711 340 1790 voluptatis,
370 1729 423 1769 vos
451 1709 487 1768 ad
516 1709 613 1768 locum
647 1709 782 1768 ducent''
824 1707 921 1767 Simul
948 1728 1038 1767 manu
1065 1709 1124 1767 duo

171 1807 299 1866 latrones
318 1803 454 1862 ostendit
498 1803 600 1862 Liberi
620 1821 725 1879 magno
746 1821 812 1861 cum
833 1802 939 1878 gaudio
959 1802 1123 1874 discedunt,

171 1905 201 1961 at
225 1901 288 1977 jam
316 1897 413 1958 animo
437 1895 519 1955 mille
543 1895 670 1955 laetitias
694 1896 884 1973 praecipiunt
928 1896 1002 1955 Mox
1026 1902 1124 1956 autem

170 1996 296 2055 viatores
310 1992 347 2052 ad
361 1992 481 2050 denam
502 1990 616 2062 silvam,
631 1990 728 2049 locum
741 1991 779 2049 ad
793 1991 909 2049 caedam
930 1991 1122 2067 aptissimum,

171 2088 303 2146 veniunt
346 2083 434 2143 Forte
453 2101 531 2141 unus
554 2102 591 2141 ex
614 2083 776 2141 latronibus
800 2081 890 2141 altero
915 2088 976 2141 arat
999 2083 1122 2141 mollior.

172 2181 273 2257 Hujus
285 2184 388 2256 pactus
402 2182 482 2254 grata
496 2196 556 2236 vox
573 2177 732 2236 liberorum
751 2176 902 2236 lenivcmt.
946 2177 1005 2235 Hic
1025 2178 1122 2253 igitur,

172 2275 224 2334 ubi
238 2273 275 2334 ad
288 2273 385 2331 locum
399 2270 532 2342 veniunt,
547 2289 609 2328 non
622 2270 708 2329 modo
723 2270 832 2328 factum
846 2270 959 2344 abnuit,
971 2270 1023 2329 sed
1036 2271 1123 2329 etiam

172 2371 225 2428 sua
238 2386 327 2426 manu
341 2364 477 2426 comitam
491 2362 681 2422 crudeliorem
694 2364 848 2424 interfecit.

285 2578 338 2642 43.
367 2560 398 2623 T
394 2558 433 2623 hc
446 2556 551 2622 Babes
566 2556 601 2621 in
618 2556 670 2620 tlte
694 2557 795 2621 Wood
809 2556 1014 2641 (continued).

215 2698 314 2758 Liberi
336 2696 441 2773 gladiis
462 2700 492 2754 at
512 2714 612 2754 cruore
632 2695 779 2771 perterriti
802 2695 935 2754 lacrimas
958 2696 1120 2756 effundunt.

173 2790 278 2851 Victor
291 2796 388 2849 tamen
402 2790 535 2848 timorem
549 2788 666 2861 mulcet,
678 2806 795 2863 eosque
805 2788 838 2845 in
848 2788 1010 2847 densiorem
1020 2789 1122 2848 silvam

174 2886 264 2944 ducit
309 2881 420 2956 “flia”
441 2883 548 2959 inquit,
568 2884 718 2956 “maneta
739 2882 812 2939 dum
831 2881 894 2959 ipse
914 2882 1016 2940 absum
1026 2904 1035 2956 3
1056 2902 1123 2942 mox

174 2980 260 3039 vobis
268 2978 416 3055 placentas
426 2976 578 3052 lactisque
586 2975 886 3052 copiamreportab0.’'
928 2974 1123 3035 Simulaloco

176 3072 308 3131 discedit
352 3070 453 3129 Unam
472 3068 574 3127 horam
588 3067 675 3125 liberi
688 3068 751 3125 sina
765 3069 868 3126 timore
882 3068 967 3127 flores
980 3069 1124 3128 silvestres

175 3167 307 3242 undique
328 3163 491 3240 carpebant
534 3162 609 3220 Mox
629 3161 708 3236 quod
729 3160 819 3220 fames
839 3180 958 3239 corpora
977 3161 1124 3238 primebat

175 3259 303 3318 reditum
326 3256 448 3314 latronis
471 3254 574 3313 misbre
598 3253 761 3330 cupiebant.
806 3254 926 3314 Frustra
949 3260 1048 3314 temen
1067 3256 1122 3315 huc

175 3353 247 3413 illuc
269 3354 397 3421 currunt,
423 3353 453 3407 et
473 3367 559 3407 omna
586 3367 689 3407 nemus
716 3354 825 3435 maesto
847 3349 971 3408 clamore
991 3350 1121 3427 implent,

174 3469 260 3509 namo
275 3447 353 3506 enim
367 3448 487 3521 queatis
501 3462 599 3502 eorum
614 3442 704 3502 audit.
748 3442 876 3501 Tandem
897 3444 967 3503 sessi
987 3464 1079 3520 cursu,
1095 3460 1123 3506 et
