2425 3850
420 267 697 337 Translations.
998 271 1047 330 83-

79 463 235 541 dejiciunt,
257 459 345 540 qiram
373 465 488 541 aquilae
514 467 552 525 ab
580 467 640 524 11111
663 459 741 526 valle
765 467 799 526 in
823 467 909 526 nidos
929 463 1048 524 ferunt.¹

79 558 157 616 Inde
167 564 339 617 mercatores
347 577 452 635 magno
461 559 587 619 clamore
595 579 664 620 aves
675 560 836 638 depellunt,
848 559 1040 638 gemmisque

79 654 161 712 carni
192 653 418 712 adhaerentibus
444 653 503 731 ipsi
530 656 691 731 potiuntur.
749 654 836 730 Quod
863 654 916 714 ubi
944 653 1040 714 Sinon

80 747 229 823 cognovit,
250 752 405 824 postquam
429 766 491 806 sese
514 767 603 824 quam
632 748 767 825 plurimis
793 749 916 826 gemmis
941 767 1039 807 onera-

79 845 172 912 verat,
186 859 273 898 suum
295 859 398 917 corpus
419 841 456 899 ad
477 860 593 900 carnem
614 840 754 918 alligavit,
771 848 921 918 tutus-que
935 845 1040 918 magna

79 933 180 1010 aquila
194 934 231 992 ad
245 934 350 992 nidum
364 934 442 994 latus
456 939 508 993 est.
552 934 641 994 Unde
662 935 700 994 ad
720 936 823 994 urbem
844 935 1039 1013 propinquam

78 1026 166 1087 facile
179 1026 339 1102 descendit,
354 1045 551 1104 gemmas-que
564 1047 670 1104 magno
685 1029 778 1105 pretio
792 1029 936 1088 vendidit

355 1274 424 1338 123.
454 1257 519 1321 Tae
537 1255 668 1324 Giant’s
686 1257 778 1324 cave.

121 1406 206 1464 Idem
219 1404 322 1479 Sinon,
334 1424 372 1464 ne
385 1405 433 1464 his
447 1406 565 1483 quidem
580 1407 695 1465 divitiis
710 1412 874 1479 contentus,
890 1405 1039 1465 Oceanum

79 1501 190 1558 iterum
202 1503 315 1557 tentare
336 1499 508 1572 constituit3
530 1499 616 1559 celeri
637 1500 728 1576 igitur
749 1519 824 1558 nave
849 1518 916 1558 cum
940 1498 1041 1575 paucis

80 1592 167 1652 sociis
187 1596 296 1665 vectus,
318 1593 415 1651 ventis
438 1593 567 1652 adversis
591 1593 628 1651 ad
654 1599 757 1652 terram
784 1594 914 1670 ignotam
939 1593 1041 1669 pulsus

81 1692 135 1760 ast,
147 1704 235 1762 quam
246 1685 414 1745 incolebant
427 1686 562 1745 homines
573 1686 689 1744 barbari
703 1686 825 1745 advenis
835 1685 1038 1745 inimicissimi.

82 1780 126 1838 Hi
147 1778 263 1855 scaphis
283 1798 390 1837 navem
409 1781 542 1857 aggressi,
559 1779 700 1839 Sinonem
721 1781 871 1856 sociosque
891 1780 1042 1838 duxerunt

81 1873 221 1933 11111111
242 1891 346 1950 regem,
362 1873 510 1951 gigantem
530 1874 697 1949 immanem,
713 1875 809 1953 specie
830 1873 972 1947 horribili,
988 1872 1042 1951 qui

81 1987 177 2026 unum
200 1964 287 2025 modo
315 1968 434 2027 oculum
458 1968 491 2027 in
515 1969 612 2027 11111111
633 1970 730 2028 fronte
754 1970 884 2046 positum
905 1967 1039 2027 hahebat.

82 2062 158 2133 Rex,
170 2065 325 2137 postquam
340 2061 471 2138 captivos
491 2080 593 2120 omnes
613 2080 703 2120 manu
724 2061 838 2138 ingenti
859 2065 1041 2133 tractaverat,

83 2173 121 2213 ex
141 2154 189 2226 iis,
207 2172 295 2228 quem
315 2154 541 2231 pinguissimum
557 2155 714 2230 judicavit,
737 2154 804 2231 igne
825 2160 936 2215 tostum
957 2153 1043 2211 davo·

81 2247 168 2307 ravit
212 2246 309 2306 Ceteri
336 2248 546 2324 tamen,'quod
570 2248 688 2306 incaute
708 2267 726 2305 1
745 2246 877 2306 barbaris
900 2246 1044 2305 custodie·

83 2341 202 2414 bantur,
226 2341 327 2399 eodem
351 2360 432 2414 veru,
457 2360 517 2418 quo
541 2360 637 2400 comes
661 2341 767 2399 infelix
789 2340 949 2399 transfixus
972 2343 1042 2411 erat,

84 2434 204 2493 oculum
223 2434 351 2511 gigantis
365 2435 537 2493 dormientis
557 2434 785 2507 transfoderunt,
801 2440 831 2493 et
851 2433 926 2492 velis
946 2433 1045 2491 remis·

85 2547 144 2605 qne
157 2546 175 2586 a
189 2532 265 2587 terra
279 2525 453 2606 inhospitali
466 2529 613 2606 fugemnt.

329 2776 398 2840 124
426 2758 493 2824 Tae
507 2758 620 2841 Royal
632 2746 812 2841 Sepulchra.

128 2912 219 2972 Haud
232 2912 275 2972 ita
289 2912 383 2972 multo
397 2919 464 2990 post
478 2912 614 2972 secundis
628 2912 725 2971 ventis
739 2910 833 2972 Sinon
854 2908 993 2987 sociique
1007 2910 1046 2969 ad

86 3006 216 3067 insulam
239 3004 366 3065 fertilem
390 3013 421 3066 et
446 3014 574 3083 opimam
598 3005 678 3065 vecti
700 3011 776 3064 sunt
825 3004 891 3079 Quo
915 3004 948 3062 in
971 3003 1045 3078 1111,

88 3102 160 3160 dum
184 3098 278 3159 Sinon
302 3099 400 3158 studio
423 3099 539 3176 frugum
563 3097 773 3176 carpendarum
796 3096 914 3174 longius
935 3116 954 3155 a
977 3096 1047 3155 navi

10 3229 11 3234 κ
87 3198 172 3268 errat,
188 3192 495 3252 asociis‘infldelibus
515 3192 635 3251 relictus
656 3196 707 3251 est
751 3190 817 3249 Rex
837 3196 937 3250 tamen
950 3189 1048 3266 ‘hujus

87 3286 202 3347 insulae
212 3285 359 3364 hospitem
369 3287 496 3364 benigne
507 3286 628 3363 accepit,
640 3304 780 3363 suamque
789 3284 890 3357 filiam,
902 3283 1048 3361 virginem

89 3379 324 3459 pulcherrimam,
337 3380 365 3439 ei
374 3380 407 3439 in
420 3378 640 3439 matrimonium
651 3379 740 3439 dedit
785 3377 823 3437 Id
837 3382 936 3436 tamen
950 3376 1048 3435 minus

89 3491 226 3554 prospere
241 3474 340 3534 evenit
348 3494 358 3550 ;
377 3493 453 3533 uxor
465 3473 544 3533 anim
560 3461 682 3534 Sinonis
695 3470 829 3553 proximo
843 3488 920 3530 anno
935 3473 1056 3529 mortua.
