2425 3850
435 586 485 668 87.
508 584 539 660 A
558 583 757 668 Promz'sing
768 583 879 667 Pupil.

215 755 350 814 Medicus
363 754 483 832 quidam
496 755 648 832 gloriosus,
662 755 715 832 qui
730 755 859 813 maxima
879 758 1051 832 paupertate
1072 775 1137 832 pre-
1186 772 1187 837 p

173 849 316 922 mebatur,
339 849 470 908 omnium
495 849 609 908 animos
635 849 669 906 in
697 867 727 906 ss
751 853 920 907 convertere
944 848 1049 908 voluit.
1104 849 1136 907 Is
1187 884 1188 975 p

173 942 264 1019 igitur
283 942 355 1001 dum
376 963 428 1020 per
447 943 549 1002 urbem
570 942 672 1001 album
693 943 808 1001 asinum
829 942 921 1016 duait,
935 947 1043 1019 magna
1060 961 1136 1002 voce

172 1035 350 1109 clamitabat,
378 1037 495 1096 “Hune
520 1055 608 1113 quem
631 1037 740 1096 videtis
763 1036 888 1109 asinum,
911 1037 999 1112 cives,
1021 1036 1138 1095 litteras
1188 998 1189 1071 i

174 1132 295 1192 Latinas
308 1131 410 1190 docere
424 1131 569 1208 possum.”
611 1130 688 1188 Tum
708 1150 768 1204 rex,
784 1131 833 1189 cni
845 1131 880 1189 id
892 1132 1065 1189 nuntiatum
1080 1138 1135 1202 ast,
1189 1108 1190 1173 i

172 1230 327 1302 postquam
349 1223 499 1284 hominem
523 1224 561 1283 ad
582 1243 614 1283 se
638 1225 832 1306 arpessiverat
848 1244 916 1283 eum
944 1244 1005 1283 ram
1032 1226 1136 1283 statim
1190 1224 1191 1271 t

172 1320 306 1397 perficere
331 1319 427 1396 jussit
472 1317 504 1378 Is
531 1337 600 1377 vero
625 1337 742 1395 operam
769 1317 897 1377 libenter
924 1319 1057 1396 suscipit,
1084 1321 1139 1379 sed
1191 1336 1192 1363 ¹

172 1431 283 1472 moram
307 1412 407 1471 dacem
430 1429 574 1470 annorum
598 1410 735 1488 postulat
778 1410 900 1469 Postero
924 1411 972 1470 dia
996 1431 1076 1471 nnus
1098 1433 1136 1471 ex
1192 1448 1193 1471 t

171 1509 272 1570 amieis
292 1509 439 1568 medicum
460 1509 502 1567 ita
522 1508 695 1581 admonuit,
716 1506 833 1584 “Fuga
856 1527 874 1566 ο
894 1508 1079 1582 stultissime,
1098 1528 1138 1568 ex

171 1601 226 1663 hae
256 1603 380 1679 regione,
411 1608 444 1660 tu
476 1601 555 1660 enim
582 1601 688 1678 eapitis
721 1606 798 1659 certe
828 1600 1020 1674 damnaberis,
1050 1604 1135 1679 quod

170 1715 241 1770 rem,
264 1714 338 1773 quae
362 1695 425 1755 fieri
444 1714 505 1754 non
525 1700 632 1772 potest,
653 1694 835 1771 suscepisti.”
875 1695 920 1753 At
940 1694 1000 1770 illa,
1024 1696 1135 1756 “Bono

171 1809 203 1850 es
217 1789 323 1864 animo,
345 1789 455 1864 amiee;
482 1808 551 1846 nam
572 1788 672 1848 daeam
693 1788 779 1848 annis
792 1793 844 1847 aut
864 1807 917 1865 ego
937 1793 989 1847 aut
1009 1809 1064 1848 rex
1083 1797 1136 1850 ant

171 1884 271 1946 asinus
286 1883 505 1945 occiderimus.”

418 2241 469 2304 88.
497 2238 529 2303 Τ
525 2237 564 2303 lu
581 2237 755 2304 Saracen's
769 2238 878 2304 Head.

212 2409 346 2482 Ricardo‚
372 2408 582 2467 Britannorum
605 2408 675 2485 regi,
699 2428 760 2467 non
784 2408 872 2467 modo
897 2427 946 2467 eor
967 2409 1020 2468 sed
1043 2410 1134 2469 etiam

171 2512 275 2565 venter
296 2508 357 2563 erat
377 2503 479 2575 leonis,
494 2504 520 2562 si
540 2504 573 2561 id
592 2522 695 2562 verum
715 2508 760 2561 est
780 2503 861 2577 quod
881 2502 1033 2562 sarraceni
1046 2504 1084 2563 da
1100 2525 1135 2564 eo

171 2599 308 2658 referunt
361 2597 394 2656 Is
418 2598 496 2656 enim
519 2600 685 2673 postquam
709 2596 801 2655 totins
825 2596 886 2655 diei
911 2597 1041 2673 spatium
1065 2617 1134 2657 eum

171 2692 307 2751 hostibus
334 2695 522 2768 pugnaverat,
553 2690 674 2749 tandem
705 2689 799 2748 fessus
827 2689 927 2748 eibum
958 2690 1132 2767 postulavit.

172 2786 248 2845 Tum
268 2784 353 2857 servi,
368 2784 448 2861 quod
468 2782 545 2843 nihil
566 2783 626 2842 eibi
642 2784 705 2859 jam
726 2782 873 2860 reliquum
896 2787 966 2858 erat,
981 2801 1036 2842 nee
1056 2786 1135 2861 mgis

172 2879 310 2938 mandata
334 2878 492 2937 detrectare
519 2877 676 2950 audebant,
699 2896 735 2936 ex
759 2876 884 2953 captivis
905 2875 1134 2953 pinguissimum

172 2976 321 3046 coxerunt,
344 2971 500 3048 dapesque
522 2989 622 3042 novas,
647 2971 712 3030 loeo
735 2970 807 3047 apri,
832 2971 910 3029 fesso
933 2980 1134 3047 apposuerunt

173 3066 301 3126 domino.
343 3065 420 3124 Inde
433 3082 495 3137 rex,
511 3064 564 3140 qui
577 3064 643 3124 cibo
663 3083 753 3141 quam
772 3063 901 3122 maxime
921 3063 1132 3140 delectabatur,

172 3164 261 3237 caput
284 3157 419 3217 animalis
443 3157 538 3215 afferri
559 3157 657 3235 jussit
701 3156 776 3216 Mox
800 3157 854 3216 nbi
881 3157 960 3216 servi
986 3159 1136 3234 perterriti

172 3253 311 3312 mandata
321 3252 511 3328 perfecerunt,
523 3251 575 3310 ille
585 3251 699 3328 ingenti
710 3271 777 3311 eum
787 3251 857 3325 risu,
871 3255 889 3284 ‘⁴
899 3250 1011 3325 ceusu
1022 3252 1133 3329 inquit,

174 3349 353 3422 “nunquam
365 3343 453 3401 nobis
466 3351 645 3404 commeatus
659 3344 843 3419 deerunt,si
863 3364 979 3404 earnem
1000 3343 1133 3407 hostium

171 3438 216 3496 ita
228 3436 314 3497 edere
327 3434 509 3511 possumus.”
