2425 3850
469 203 744 279 mundatione

306 571 375 635 103.
402 554 471 621 Tlte
483 557 569 621 Lost
584 556 684 626 child
696 555 904 644 (continued).

168 720 270 781 Prima
297 723 362 784 luce
389 726 481 786 ricini
514 728 643 805 regressi,
671 734 827 804 postquam
861 737 995 804 magnam
1023 725 1084 785 diei

124 820 240 891 partem
265 836 387 894 puerum
412 821 519 880 frustra
543 822 753 898 quaesiverant,
775 821 903 893 domum,
929 825 964 879 ut
988 825 1084 893 antea,

125 909 331 973 dieomeerunt.
374 913 462 974 Forte
482 915 534 974 illo
554 915 604 976 die
618 914 691 974 Afer
704 921 833 986 venator,
847 914 987 992 agricolae
1007 914 1083 974 bene

125 1008 225 1077 notus,
237 1007 290 1080 qui
303 1025 320 1064 a
333 1006 397 1066 loeo
407 1008 530 1068 <inmoti
539 1009 595 1067 iter
606 1008 740 1080 iaciebat,
752 1008 790 1066 ad
800 1008 927 1067 fundum
938 1008 1080 1084 pervenit

126 1095 286 1175 Neminem
315 1104 414 1159 tumen
441 1102 520 1162 intra
548 1101 669 1161 domum
696 1101 812 1160 invenit
846 1106 959 1177 praeter
993 1120 1083 1160 anum

125 1208 251 1265 caecam,
277 1212 351 1268 quae
374 1213 443 1272 prae
467 1200 617 1254 senectute
642 1195 715 1254 alios
739 1194 778 1254 ad
801 1194 890 1254 silvas
914 1194 997 1270 sequi
1022 1213 1083 1252 non

125 1288 268 1360 potuerat
326 1287 421 1362 Quam
444 1309 506 1348 rem
529 1289 661 1364 miratus,
687 1307 802 1347 oausam
830 1307 867 1346 ex
894 1288 958 1364 ipsa
985 1287 1079 1364 petiit.

124 1377 204 1436 Inde
217 1378 254 1438 de
269 1381 396 1456 periculo
417 1382 541 1442 infantie
562 1383 666 1442 certior
680 1383 783 1455 iactus,
798 1385 932 1458 parentes
946 1380 1083 1440 advocari

120 1471 221 1547 jussit
265 1473 341 1533 Tum
355 1476 478 1553 pallium
493 1477 641 1554 puerisue
652 1477 717 1536 uani
731 1476 867 1536 ostendit
911 1474 969 1533 Hie
984 1478 1082 1534 autem

123 1573 236 1626 vestem
260 1569 406 1643 odoratus,
429 1590 478 1630 eos
501 1571 540 1630 ad
563 1572 726 1630 densiorem
747 1570 853 1629 silvam
873 1569 1006 1643 adduxit,
1028 1567 1083 1627 ubi

122 1661 179 1720 sub
201 1662 323 1739 antiqui
343 1684 450 1741 quercu
471 1685 595 1744 puerum
615 1664 730 1743 placide
751 1664 943 1724 dormientem
963 1663 1081 1722 invene·

120 1759 199 1815 rrmt

440 2032 508 2096 104.
530 2014 644 2079 nume
662 2014 770 2081 sume.

164 2181 310 2244 Admetus
329 2186 376 2244 vir
396 2206 506 2264 pauper
527 2186 580 2245 eed
602 2185 682 2245 idem
702 2185 760 2244 auri
780 2184 898 2262 ingenio
919 2185 1077 2262 praeditus,

122 2277 203 2352 quod
217 2278 295 2336 nihil
309 2279 368 2338 eibi
382 2279 497 2339 duobus
511 2279 615 2340 diebus
635 2283 810 2356 gustaverat,
826 2280 902 2337 farne
917 2266 1074 2366 deperibat

121 2370 222 2430 Tertio
235 2378 334 2432 autem
348 2373 404 2447 die,
421 2373 493 2433 dum
506 2374 592 2433 aedes
605 2372 777 2449 splendidas
791 2373 938 2449 praeterit,
948 2392 966 2430 a
978 2379 1078 2450 portae

122 2464 245 2524 custode
258 2467 370 2543 aliquid
384 2467 444 2527 eibi
465 2468 559 2545 petiit
603 2467 663 2527 Hie
677 2474 775 2525 autem
789 2465 917 2524 hominis
930 2466 1078 2527 miseritus

118 2557 211 2633 jussit
228 2578 294 2617 eum
309 2559 428 2620 domum
449 2559 572 2637 ingredi,
586 2564 675 2635 atque
695 2558 733 2616 ab
753 2559 817 2634 ipso
838 2558 957 2617 domino
978 2560 1077 2619 eibum

121 2656 229 2727 petere
272 2652 427 2725 Admetus,
447 2653 488 2728 id,
511 2652 590 2729 quod
614 2653 790 2729 imperatum
810 2656 862 2724 est,
884 2651 964 2725 iaeit,
987 2651 1078 2712 domi·

121 2760 253 2821 numque
263 2746 295 2804 in
304 2747 378 2805 atrio
389 2747 538 2806 sedentem
548 2746 672 2805 invenit.
716 2745 782 2820 Qui,
793 2745 846 2804 ubi
857 2765 918 2804 rem
930 2749 1077 2822 cognovit,

123 2839 268 2915 “Agite'’
289 2841 395 2916 inquit,
413 2841 527 2914 “servi,
549 2859 655 2916 aquam
675 2857 764 2915 quam
784 2837 931 2897 celerrime
951 2841 1078 2901 afferte.''

122 2932 241 2991 Deinde
260 2935 408 3012 paulisper
428 2933 565 3007 mitratus,
580 2934 637 2993 etsi
656 2932 836 3010 apparebant
855 2951 909 2991 nee
930 2935 1006 2993 servi
1023 2954 1076 2994 nea

122 3047 207 3105 aqua,
223 3047 326 3086 manue
342 3028 469 3087 lavantis
483 3034 597 3104 gestum
611 3027 744 3085 imitatus
757 3031 808 3085 est
852 3025 1005 3101 Admetus,
1022 3028 1079 3087 etsi

121 3140 153 3181 re
187 3122 258 3180 eatis
289 3122 433 3181 attonitus
465 3126 519 3193 est,
547 3127 647 3180 tamen
681 3120 761 3197 quod
794 3120 891 3179 noluit
925 3120 1077 3180 dominum

122 3216 277 3287 offendere,
302 3216 381 3274 idem
405 3215 482 3275 iecit
525 3214 644 3273 Deinde
667 3213 804 3273 dominus
831 3232 929 3272 servos
953 3215 1078 3291 primam

121 3328 243 3369 coenam
262 3328 407 3386 apponere
424 3309 524 3385 jussit,
540 3312 570 3368 et
590 3313 732 3384 tanquam
751 3326 835 3367 veras
855 3307 944 3383 dapes
965 3313 995 3367 et
1015 3308 1077 3384 ipsa

122 3404 185 3465 edit
198 3410 229 3463 et
241 3403 353 3481 hospiti
366 3404 494 3481 praebet.
