2425 3850
513 270 790 341 Translations.
880 354 889 372 ι

372 584 391 650 7
397 582 423 648 5.
452 568 519 632 lee
541 567 784 633 Weatlzer-wise
798 569 940 650 Donkey.

216 704 394 777 Lndovieus,
409 724 462 764 rex
483 697 645 777 Gallorum,
667 707 756 764 fidem
776 707 935 765 maximam
955 706 1086 765 habebat
1108 707 1134 765 ei

174 799 274 876 generi
307 798 471 872 hominum,
506 801 558 876 qui
592 800 730 876 astrologi
756 807 906 874 vocantur,
935 801 1015 877 quod
1049 806 1133 860 motu

174 893 324 951 stellarum
345 893 452 952 imbres
466 900 639 970 ventos-que
658 895 823 971 praedicere
843 895 946 953 solent
990 893 1066 968 Rex,
1083 897 1134 971 qui

174 987 302 1045 multum
330 988 362 1045 in
386 987 593 1046 venationibus
621 993 691 1060 erat,
717 987 874 1064 aliquando
899 989 971 1045 dum
993 1007 1134 1064 magnum

174 1099 293 1139 oervum
307 1081 429 1140 canibus
450 1100 502 1158 per
522 1082 612 1139 silvas
632 1083 732 1157 agitat,
754 1081 840 1139 celeri
861 1101 935 1158 equo
955 1080 1045 1157 longe
1064 1088 1133 1140 ante

174 1191 275 1232 omnes
295 1175 388 1233 socios
408 1181 624 1252 praeterveetus
638 1181 689 1233 est
734 1175 851 1233 Interea
867 1176 980 1232 eaelum
1000 1176 1133 1234 nubibus

173 1266 351 1338 obscuratur,
363 1268 528 1344 graviaque
539 1268 633 1327 imber
644 1287 710 1326 eum
721 1269 816 1326 multi
829 1269 971 1344 grandine
981 1270 1015 1326 in
1025 1275 1134 1327 terram

173 1361 289 1421 decidit
333 1362 400 1420 Rex
423 1363 629 1438 igiturnquod
652 1381 773 1439 parvam
797 1382 893 1420 casam
916 1364 993 1421 inter
1016 1365 1135 1422 arbores

172 1455 263 1528 videt,
278 1456 462 1531 tempestatis
476 1456 643 1531 perfugium
663 1456 745 1531 petit
789 1455 865 1513 Tum
885 1457 939 1514 ubi
959 1458 986 1514 is
1005 1459 1135 1532 graviter

171 1548 325 1607 incusabat
338 1550 472 1608 indoctos
486 1550 554 1607 flios
568 1548 735 1625 astrologos,
752 1549 875 1607 “Nulla
888 1555 988 1608 tamen
1007 1556 1135 1628 tempes

171 1643 243 1714 tas,''
264 1643 415 1718 respondit
435 1643 568 1718 agricola,
592 1644 677 1719 eujus
701 1662 766 1700 oasa
787 1649 856 1714 erat,
880 1646 957 1701 “me
977 1644 1134 1703 incautum

171 1736 281 1810 exeipit
291 1757 301 1811 ;
321 1755 434 1812 semper
454 1737 533 1794 enim
554 1755 637 1794 meus
661 1737 768 1808 asinus,
792 1737 845 1813 qui
866 1737 965 1813 surges
988 1737 1070 1796 horti
1095 1741 1135 1797 ad

170 1828 269 1886 forum
288 1835 403 1906 portare
417 1830 499 1902 solet,
521 1849 592 1888 roee
613 1834 699 1888 musei
719 1829 843 1887 imbrem
863 1831 939 1901 rnihi
960 1833 1135 1908 praedicit'’

173 1926 191 1954 “
202 1922 231 1979 N
233 1921 377 1994 imirum,”
392 1943 459 1981 eum
473 1923 534 1982 risu
548 1923 700 1999 respondit
713 1944 773 1997 rex,
790 1923 845 1982 “si
865 1929 935 1983 tuus
954 1926 1056 1984 asinus
1070 1932 1135 1984 tarn

169 2015 266 2074 bonus
279 2016 440 2093 astrologus
462 2023 514 2089 est,
529 2035 610 2075 meos
630 2018 789 2093 astrologos
809 2018 930 2094 posthae
952 2019 985 2076 in
1006 2039 1135 2079 numero

169 2110 317 2167 asinorum
330 2109 472 2169 habebo.''

453 2309 504 2390 76.
526 2309 558 2371 Α
577 2308 842 2394 Practicalsokc.

200 2441 365 2515 'Henrieus
381 2442 590 2501 Britannorum
604 2463 665 2516 rex,
680 2450 805 2519 quatuor
818 2444 946 2503 habebat
960 2445 1049 2522 fflios,
1066 2449 1132 2523 qui,

167 2538 246 2613 quod
267 2538 344 2595 inter
364 2556 395 2594 se
415 2556 501 2612 saepe
522 2536 712 2611 dissidebant,
734 2538 826 2613 patris
843 2538 978 2596 animum
998 2543 1135 2615 graviter

167 2630 322 2689 vexabant.
381 2629 429 2687 Ex
464 2630 512 2688 his
545 2631 692 2689 maximus
726 2637 807 2704 natu,
836 2632 885 2689 eui
919 2651 1029 2691 nomen
1068 2642 1134 2693 erat

166 2724 320 2797 Robertus‚
333 2723 453 2799 juvenis
467 2724 550 2782 ferox
564 2730 595 2781 et
608 2724 765 2782 iracundus
780 2744 871 2807 <saepe
891 2744 944 2801 per
960 2726 1132 2788 ludibrium

166 2839 184 2876 a
197 2818 337 2876 fratribus
351 2818 546 2876 exercebatur.
590 2817 634 2875 Hi
651 2818 730 2891 olim,
746 2820 799 2894 qui
819 2819 853 2875 in
872 2820 1021 2896 superiore
1043 2829 1133 2899 parte

165 2912 282 2969 aedium
303 2910 377 2969 forte
394 2910 523 2982 fuerunt,
539 2911 711 2983 Robertum,
726 2912 799 2969 dum
819 2912 852 2969 in
872 2911 959 2970 horto
980 2914 1130 2991 ambulat,

165 3004 297 3081 improbo
318 3005 416 3062 animo
437 3004 639 3063 observabant.
701 3004 775 3063 Mox
794 3006 916 3080 juvenis
937 3006 1132 3084 improvidus

164 3099 220 3157 sub
244 3100 339 3175 ipsam
363 3098 529 3171 fenestram,
551 3102 611 3173 qua
631 3098 734 3156 fratres
758 3097 968 3175 despiciebant,
989 3120 1131 3177 gressum

164 3194 281 3251 direxit.
324 3192 401 3250 Tum
417 3192 501 3269 pueri
521 3193 653 3269 maligni,
668 3198 702 3250 nt
716 3193 845 3269 primum
859 3194 969 3253 oceasio
983 3196 1057 3255 data
1073 3205 1130 3272 est,

163 3288 196 3344 in
205 3291 293 3362 eaput
301 3285 398 3343 fratris
409 3285 521 3343 incauti
531 3286 701 3362 amphoram
712 3305 804 3361 aquae
814 3287 932 3364 plenam
943 3289 1127 3351 effuderunt

163 3380 206 3437 At
232 3378 379 3437 Robertus
405 3378 448 3435 iri
472 3381 556 3436 caeca
580 3378 711 3453 gladium
735 3381 862 3457 stringit,
888 3382 988 3457 inque
1017 3384 1131 3445 fratres

165 3472 306 3548 'mpetum
330 3471 409 3529 feeit.
461 3470 504 3528 Hi
525 3476 622 3529 autem
643 3473 790 3549 perterriti
810 3476 843 3533 in
863 3476 1026 3552 penetralia
1047 3481 1131 3558 regis
