<?xml version="1.0" encoding="UTF-8"?>
<!DOCTYPE html PUBLIC "-//W3C//DTD XHTML 1.0 Transitional//EN"
    "http://www.w3.org/TR/xhtml1/DTD/xhtml1-transitional.dtd">
<html xmlns="http://www.w3.org/1999/xhtml" xml:lang="en" lang="en">
 <head>
  <title>
</title>
<meta http-equiv="Content-Type" content="text/html;charset=utf-8" />
  <meta name='ocr-system' content='tesseract 3.04.00' />
  <meta name='ocr-capabilities' content='ocr_page ocr_carea ocr_par ocr_line ocrx_word'/>
</head>
<body>
  <div class='ocr_page' id='page_1' title='image "./gradatim01kinggoog/gradatim01kinggoog_0088.png"; bbox 0 0 2425 3850; ppageno 0'>
   <div class='ocr_carea' id='block_1_1' title="bbox 508 263 786 333">
    <p class='ocr_par' dir='ltr' id='par_1_1' title="bbox 508 263 786 333">
     <span class='ocr_line' id='line_1_1' title="bbox 508 263 786 333; baseline 0 -1"><span class='ocrx_word' id='word_1_1' title='bbox 508 263 786 333; x_wconf 68' lang='lat' dir='ltr'><strong>&#39;translations</strong></span> 
     </span>
    </p>
   </div>
   <div class='ocr_carea' id='block_1_2' title="bbox 352 491 940 553">
    <p class='ocr_par' dir='ltr' id='par_1_2' title="bbox 352 491 940 553">
     <span class='ocr_line' id='line_1_2' title="bbox 352 491 940 553; baseline 0.002 -2"><span class='ocrx_word' id='word_1_2' title='bbox 352 491 498 553; x_wconf 81' lang='lat' dir='ltr'>PIECES</span> <span class='ocrx_word' id='word_1_3' title='bbox 526 492 609 552; x_wconf 83' lang='lat' dir='ltr'><strong>FOR</strong></span> <span class='ocrx_word' id='word_1_4' title='bbox 637 491 940 553; x_wconf 75' lang='lat' dir='ltr'><strong>TRANSLATION.</strong></span> 
     </span>
    </p>
   </div>
   <div class='ocr_carea' id='block_1_3' title="bbox 423 606 875 689">
    <p class='ocr_par' dir='ltr' id='par_1_3' title="bbox 423 606 875 689">
     <span class='ocr_line' id='line_1_3' title="bbox 423 606 875 689; baseline 0 -19"><span class='ocrx_word' id='word_1_5' title='bbox 423 624 491 673; x_wconf 89' lang='lat'>111.</span> <span class='ocrx_word' id='word_1_6' title='bbox 518 607 551 672; x_wconf 86' lang='lat' dir='ltr'><em>T</em></span> <span class='ocrx_word' id='word_1_7' title='bbox 547 629 583 671; x_wconf 86' lang='lat' dir='ltr'><strong>oo</strong></span> <span class='ocrx_word' id='word_1_8' title='bbox 591 607 682 689; x_wconf 86' lang='lat' dir='ltr'><strong>good</strong></span> <span class='ocrx_word' id='word_1_9' title='bbox 692 629 714 670; x_wconf 88' lang='lat' dir='ltr'><strong>a</strong></span> <span class='ocrx_word' id='word_1_10' title='bbox 728 606 875 688; x_wconf 80' lang='lat' dir='ltr'><strong>Defence.</strong></span> 
     </span>
    </p>
   </div>
   <div class='ocr_carea' id='block_1_4' title="bbox 88 725 1133 1942">
    <p class='ocr_par' dir='ltr' id='par_1_4' title="bbox 88 725 1133 1942">
     <span class='ocr_line' id='line_1_4' title="bbox 210 725 1127 805; baseline -0.002 -19"><span class='ocrx_word' id='word_1_11' title='bbox 210 727 296 787; x_wconf 85' lang='lat' dir='ltr'><strong>Anus</strong></span> <span class='ocrx_word' id='word_1_12' title='bbox 309 726 460 804; x_wconf 87' lang='lat' dir='ltr'><strong>quaedem,</strong></span> <span class='ocrx_word' id='word_1_13' title='bbox 481 745 555 805; x_wconf 86' lang='lat' dir='ltr'><strong>quse</strong></span> <span class='ocrx_word' id='word_1_14' title='bbox 576 725 694 803; x_wconf 81' lang='lat' dir='ltr'>Capuae</span> <span class='ocrx_word' id='word_1_15' title='bbox 714 726 876 799; x_wconf 79' lang='lat' dir='ltr'><strong>habitabat,</strong></span> <span class='ocrx_word' id='word_1_16' title='bbox 898 725 1021 803; x_wconf 89' lang='lat' dir='ltr'><strong>pallium</strong></span> <span class='ocrx_word' id='word_1_17' title='bbox 1035 725 1127 785; x_wconf 88' lang='lat' dir='ltr'><strong>sibia</strong></span> 
     </span>
     <span class='ocr_line' id='line_1_5' title="bbox 88 819 1125 902; baseline -0.001 -22"><span class='ocrx_word' id='word_1_18' title='bbox 88 885 92 902; x_wconf 56' lang='grc'><strong><em>,</em></strong></span> <span class='ocrx_word' id='word_1_19' title='bbox 168 840 246 880; x_wconf 87' lang='lat' dir='ltr'><strong>nuru</strong></span> <span class='ocrx_word' id='word_1_20' title='bbox 259 821 401 880; x_wconf 85' lang='lat' dir='ltr'><strong>creditum</strong></span> <span class='ocrx_word' id='word_1_21' title='bbox 415 821 490 879; x_wconf 86' lang='lat' dir='ltr'><strong>forte</strong></span> <span class='ocrx_word' id='word_1_22' title='bbox 504 819 635 880; x_wconf 86' lang='lat' dir='ltr'><strong>sciderat.</strong></span> <span class='ocrx_word' id='word_1_23' title='bbox 679 819 773 896; x_wconf 83' lang='lat' dir='ltr'><strong>Cujus</strong></span> <span class='ocrx_word' id='word_1_24' title='bbox 795 820 866 878; x_wconf 90' lang='lat' dir='ltr'><strong>iram</strong></span> <span class='ocrx_word' id='word_1_25' title='bbox 881 821 984 892; x_wconf 80' lang='lat' dir='ltr'><strong>verita,</strong></span> <span class='ocrx_word' id='word_1_26' title='bbox 1000 819 1125 897; x_wconf 80' lang='lat' dir='ltr'><strong>pellium</strong></span> 
     </span>
     <span class='ocr_line' id='line_1_6' title="bbox 168 913 1126 991; baseline -0.002 -17"><span class='ocrx_word' id='word_1_27' title='bbox 168 915 291 974; x_wconf 87' lang='lat' dir='ltr'><strong>scissum</strong></span> <span class='ocrx_word' id='word_1_28' title='bbox 314 915 391 974; x_wconf 90' lang='lat' dir='ltr'><strong>inter</strong></span> <span class='ocrx_word' id='word_1_29' title='bbox 414 913 526 991; x_wconf 86' lang='lat' dir='ltr'><strong>aliquas</strong></span> <span class='ocrx_word' id='word_1_30' title='bbox 546 920 643 973; x_wconf 84' lang='lat' dir='ltr'><strong>vestes</strong></span> <span class='ocrx_word' id='word_1_31' title='bbox 667 914 794 991; x_wconf 83' lang='lat' dir='ltr'><strong>integras</strong></span> <span class='ocrx_word' id='word_1_32' title='bbox 818 913 933 990; x_wconf 83' lang='lat' dir='ltr'><strong>celarit,</strong></span> <span class='ocrx_word' id='word_1_33' title='bbox 955 933 1126 990; x_wconf 68' lang='lat' dir='ltr'><strong>omnesque</strong></span> 
     </span>
     <span class='ocr_line' id='line_1_7' title="bbox 168 1005 1133 1085; baseline -0.001 -17"><span class='ocrx_word' id='word_1_34' title='bbox 168 1009 271 1068; x_wconf 87' lang='lat' dir='ltr'><strong>eodem</strong></span> <span class='ocrx_word' id='word_1_35' title='bbox 294 1012 424 1085; x_wconf 91' lang='lat' dir='ltr'><strong>tempore</strong></span> <span class='ocrx_word' id='word_1_36' title='bbox 447 1027 517 1067; x_wconf 90' lang='lat' dir='ltr'><strong>suae</strong></span> <span class='ocrx_word' id='word_1_37' title='bbox 540 1008 630 1066; x_wconf 89' lang='lat' dir='ltr'><strong>nurui</strong></span> <span class='ocrx_word' id='word_1_38' title='bbox 653 1007 790 1067; x_wconf 76' lang='lat' dir='ltr'><strong>reddidit.</strong></span> <span class='ocrx_word' id='word_1_39' title='bbox 835 1007 916 1066; x_wconf 84' lang='lat' dir='ltr'><strong>Haec</strong></span> <span class='ocrx_word' id='word_1_40' title='bbox 940 1014 1049 1080; x_wconf 90' lang='lat' dir='ltr'><strong>autem,</strong></span> <span class='ocrx_word' id='word_1_41' title='bbox 1069 1005 1133 1067; x_wconf 85' lang='lat' dir='ltr'><strong>nbi¹</strong></span> 
     </span>
     <span class='ocr_line' id='line_1_8' title="bbox 166 1099 1124 1181; baseline -0.001 -21"><span class='ocrx_word' id='word_1_42' title='bbox 166 1102 300 1160; x_wconf 84' lang='lat' dir='ltr'><strong>fraudem</strong></span> <span class='ocrx_word' id='word_1_43' title='bbox 323 1102 480 1181; x_wconf 73' lang='lat' dir='ltr'><strong>perspexit,</strong></span> <span class='ocrx_word' id='word_1_44' title='bbox 502 1101 634 1178; x_wconf 90' lang='lat' dir='ltr'><strong>quodid</strong></span> <span class='ocrx_word' id='word_1_45' title='bbox 656 1101 779 1179; x_wconf 91' lang='lat' dir='ltr'><strong>pallium</strong></span> <span class='ocrx_word' id='word_1_46' title='bbox 799 1101 921 1159; x_wconf 86' lang='lat' dir='ltr'><strong>maximi</strong></span> <span class='ocrx_word' id='word_1_47' title='bbox 941 1099 1124 1172; x_wconf 75' lang='lat' dir='ltr'><strong>aestimabat,</strong></span> 
     </span>
     <span class='ocr_line' id='line_1_9' title="bbox 167 1194 1125 1273; baseline -0.001 -19"><span class='ocrx_word' id='word_1_48' title='bbox 167 1197 211 1254; x_wconf 76' lang='lat' dir='ltr'><strong>ira</strong></span> <span class='ocrx_word' id='word_1_49' title='bbox 224 1203 368 1255; x_wconf 85' lang='lat' dir='ltr'><strong>commota</strong></span> <span class='ocrx_word' id='word_1_50' title='bbox 388 1215 504 1255; x_wconf 89' lang='lat' dir='ltr'><strong>eausam</strong></span> <span class='ocrx_word' id='word_1_51' title='bbox 524 1195 603 1273; x_wconf 89' lang='lat' dir='ltr'><strong>apud</strong></span> <span class='ocrx_word' id='word_1_52' title='bbox 624 1195 740 1272; x_wconf 85' lang='lat' dir='ltr'><strong>judices</strong></span> <span class='ocrx_word' id='word_1_53' title='bbox 760 1194 872 1271; x_wconf 83' lang='lat' dir='ltr'><strong>agebat.</strong></span> <span class='ocrx_word' id='word_1_54' title='bbox 915 1195 991 1254; x_wconf 83' lang='lat' dir='ltr'><strong>Tum</strong></span> <span class='ocrx_word' id='word_1_55' title='bbox 1011 1213 1086 1254; x_wconf 89' lang='lat' dir='ltr'><strong>anus</strong></span> <span class='ocrx_word' id='word_1_56' title='bbox 1108 1215 1125 1253; x_wconf 92' lang='lat' dir='ltr'><strong>a</strong></span> 
     </span>
     <span class='ocr_line' id='line_1_10' title="bbox 163 1292 1123 1370; baseline -0.001 -18"><span class='ocrx_word' id='word_1_57' title='bbox 163 1294 316 1370; x_wconf 84' lang='lat' dir='ltr'><strong>judicibus</strong></span> <span class='ocrx_word' id='word_1_58' title='bbox 335 1295 519 1370; x_wconf 84' lang='lat' dir='ltr'><strong>interrogata,</strong></span> <span class='ocrx_word' id='word_1_59' title='bbox 542 1293 687 1370; x_wconf 78' lang='lat' dir='ltr'><strong>purgandi</strong></span> <span class='ocrx_word' id='word_1_60' title='bbox 711 1292 758 1352; x_wconf 90' lang='lat' dir='ltr'><strong>sni</strong></span> <span class='ocrx_word' id='word_1_61' title='bbox 781 1296 874 1365; x_wconf 69' lang='lat' dir='ltr'><strong>eausa,</strong></span> <span class='ocrx_word' id='word_1_62' title='bbox 896 1292 938 1351; x_wconf 82' lang='lat' dir='ltr'><strong>ite</strong></span> <span class='ocrx_word' id='word_1_63' title='bbox 961 1292 1123 1369; x_wconf 88' lang='lat' dir='ltr'><strong>respondit.</strong></span> 
     </span>
     <span class='ocr_line' id='line_1_11' title="bbox 168 1390 1125 1469; baseline -0.001 -18"><span class='ocrx_word' id='word_1_64' title='bbox 168 1391 230 1452; x_wconf 87' lang='lat' dir='ltr'><strong>“Si</strong></span> <span class='ocrx_word' id='word_1_65' title='bbox 251 1393 338 1469; x_wconf 88' lang='lat' dir='ltr'><strong>aequi</strong></span> <span class='ocrx_word' id='word_1_66' title='bbox 357 1393 427 1451; x_wconf 89' lang='lat' dir='ltr'><strong>estis</strong></span> <span class='ocrx_word' id='word_1_67' title='bbox 450 1392 575 1469; x_wconf 87' lang='lat' dir='ltr'><strong>judices,</strong></span> <span class='ocrx_word' id='word_1_68' title='bbox 600 1390 715 1450; x_wconf 87' lang='lat' dir='ltr'><strong>nullam</strong></span> <span class='ocrx_word' id='word_1_69' title='bbox 735 1409 859 1468; x_wconf 88' lang='lat' dir='ltr'><strong>poenam</strong></span> <span class='ocrx_word' id='word_1_70' title='bbox 880 1410 897 1449; x_wconf 91' lang='lat' dir='ltr'><strong>a</strong></span> <span class='ocrx_word' id='word_1_71' title='bbox 918 1410 964 1449; x_wconf 88' lang='lat' dir='ltr'><strong>me</strong></span> <span class='ocrx_word' id='word_1_72' title='bbox 984 1392 1125 1467; x_wconf 87' lang='lat' dir='ltr'><strong>repetetis</strong></span> 
     </span>
     <span class='ocr_line' id='line_1_12' title="bbox 167 1487 1126 1566; baseline -0.001 -19"><span class='ocrx_word' id='word_1_73' title='bbox 167 1489 277 1548; x_wconf 87' lang='lat' dir='ltr'><strong>multas</strong></span> <span class='ocrx_word' id='word_1_74' title='bbox 301 1491 340 1549; x_wconf 89' lang='lat' dir='ltr'><strong>ob</strong></span> <span class='ocrx_word' id='word_1_75' title='bbox 365 1509 486 1564; x_wconf 83' lang='lat' dir='ltr'><strong>cansas3</strong></span> <span class='ocrx_word' id='word_1_76' title='bbox 514 1490 643 1566; x_wconf 90' lang='lat' dir='ltr'><strong>primum</strong></span> <span class='ocrx_word' id='word_1_77' title='bbox 667 1488 746 1546; x_wconf 93' lang='lat' dir='ltr'><strong>enim</strong></span> <span class='ocrx_word' id='word_1_78' title='bbox 766 1488 884 1546; x_wconf 88' lang='lat' dir='ltr'><strong>nullum</strong></span> <span class='ocrx_word' id='word_1_79' title='bbox 904 1487 1029 1565; x_wconf 78' lang='lat' dir='ltr'><strong>pellium</strong></span> <span class='ocrx_word' id='word_1_80' title='bbox 1048 1488 1126 1546; x_wconf 91' lang='lat' dir='ltr'><strong>mihi</strong></span> 
     </span>
     <span class='ocr_line' id='line_1_13' title="bbox 167 1581 1126 1660; baseline -0.001 -19"><span class='ocrx_word' id='word_1_81' title='bbox 167 1602 298 1659; x_wconf 89' lang='lat' dir='ltr'><strong>unquam</strong></span> <span class='ocrx_word' id='word_1_82' title='bbox 312 1583 456 1643; x_wconf 88' lang='lat' dir='ltr'><strong>creditum</strong></span> <span class='ocrx_word' id='word_1_83' title='bbox 469 1589 513 1642; x_wconf 89' lang='lat' dir='ltr'><strong>est</strong></span> <span class='ocrx_word' id='word_1_84' title='bbox 525 1605 534 1658; x_wconf 92' lang='lat'>;</span> <span class='ocrx_word' id='word_1_85' title='bbox 554 1581 700 1660; x_wconf 90' lang='lat' dir='ltr'><strong>quomodo</strong></span> <span class='ocrx_word' id='word_1_86' title='bbox 714 1581 804 1658; x_wconf 83' lang='lat' dir='ltr'><strong>igitur</strong></span> <span class='ocrx_word' id='word_1_87' title='bbox 824 1582 856 1640; x_wconf 91' lang='lat' dir='ltr'><strong>id</strong></span> <span class='ocrx_word' id='word_1_88' title='bbox 876 1581 1008 1641; x_wconf 74' lang='lat' dir='ltr'><strong>scindere</strong></span> <span class='ocrx_word' id='word_1_89' title='bbox 1022 1584 1126 1659; x_wconf 81' lang='lat' dir='ltr'><strong>potuit</strong></span> 
     </span>
     <span class='ocr_line' id='line_1_14' title="bbox 168 1674 1128 1755; baseline 0.002 -22"><span class='ocrx_word' id='word_1_90' title='bbox 168 1674 286 1734; x_wconf 86' lang='lat' dir='ltr'><strong>Deinde</strong></span> <span class='ocrx_word' id='word_1_91' title='bbox 311 1695 403 1735; x_wconf 88' lang='lat' dir='ltr'><strong>nurus</strong></span> <span class='ocrx_word' id='word_1_92' title='bbox 426 1695 491 1735; x_wconf 91' lang='lat' dir='ltr'><strong>mea</strong></span> <span class='ocrx_word' id='word_1_93' title='bbox 511 1676 636 1755; x_wconf 88' lang='lat' dir='ltr'><strong>pallium</strong></span> <span class='ocrx_word' id='word_1_94' title='bbox 659 1677 724 1752; x_wconf 92' lang='lat' dir='ltr'><strong>ipsa</strong></span> <span class='ocrx_word' id='word_1_95' title='bbox 751 1675 883 1748; x_wconf 75' lang='lat' dir='ltr'><strong>sciderat,</strong></span> <span class='ocrx_word' id='word_1_96' title='bbox 904 1680 1073 1752; x_wconf 76' lang='lat' dir='ltr'><strong>antequam</strong></span> <span class='ocrx_word' id='word_1_97' title='bbox 1094 1676 1128 1735; x_wconf 92' lang='lat' dir='ltr'><strong>id</strong></span> 
     </span>
     <span class='ocr_line' id='line_1_15' title="bbox 168 1768 1126 1847; baseline 0.002 -20"><span class='ocrx_word' id='word_1_98' title='bbox 168 1768 243 1827; x_wconf 91' lang='lat' dir='ltr'><strong>mihi</strong></span> <span class='ocrx_word' id='word_1_99' title='bbox 253 1770 385 1828; x_wconf 89' lang='lat' dir='ltr'><strong>credidit.</strong></span> <span class='ocrx_word' id='word_1_100' title='bbox 407 1770 560 1829; x_wconf 89' lang='lat' dir='ltr'><strong>Postremo</strong></span> <span class='ocrx_word' id='word_1_101' title='bbox 570 1770 602 1828; x_wconf 91' lang='lat' dir='ltr'><strong>id</strong></span> <span class='ocrx_word' id='word_1_102' title='bbox 613 1769 746 1847; x_wconf 87' lang='lat' dir='ltr'><strong>pallium,</strong></span> <span class='ocrx_word' id='word_1_103' title='bbox 756 1769 835 1846; x_wconf 90' lang='lat' dir='ltr'><strong>quod</strong></span> <span class='ocrx_word' id='word_1_104' title='bbox 844 1768 967 1840; x_wconf 90' lang='lat' dir='ltr'><strong>reddidi,</strong></span> <span class='ocrx_word' id='word_1_105' title='bbox 978 1770 1126 1846; x_wconf 85' lang='lat' dir='ltr'><strong>integrum</strong></span> 
     </span>
     <span class='ocr_line' id='line_1_16' title="bbox 167 1863 1127 1942; baseline 0.002 -21"><span class='ocrx_word' id='word_1_106' title='bbox 167 1864 233 1924; x_wconf 84' lang='lat' dir='ltr'><strong>fuit</strong></span> <span class='ocrx_word' id='word_1_107' title='bbox 277 1864 386 1923; x_wconf 86' lang='lat' dir='ltr'><strong>Nonne</strong></span> <span class='ocrx_word' id='word_1_108' title='bbox 396 1884 443 1922; x_wconf 90' lang='lat' dir='ltr'><strong>me</strong></span> <span class='ocrx_word' id='word_1_109' title='bbox 455 1864 544 1942; x_wconf 88' lang='lat' dir='ltr'><strong>igitur</strong></span> <span class='ocrx_word' id='word_1_110' title='bbox 557 1863 644 1922; x_wconf 87' lang='lat' dir='ltr'><strong>laude</strong></span> <span class='ocrx_word' id='word_1_111' title='bbox 657 1863 820 1941; x_wconf 80' lang='lat' dir='ltr'><strong>digniorem</strong></span> <span class='ocrx_word' id='word_1_112' title='bbox 831 1883 919 1942; x_wconf 90' lang='lat' dir='ltr'><strong>quam</strong></span> <span class='ocrx_word' id='word_1_113' title='bbox 933 1868 1027 1942; x_wconf 75' lang='lat' dir='ltr'><strong>poena</strong></span> <span class='ocrx_word' id='word_1_114' title='bbox 1037 1863 1127 1923; x_wconf 89' lang='lat' dir='ltr'><strong>habe-</strong></span> 
     </span>
    </p>
   </div>
   <div class='ocr_carea' id='block_1_5' title="bbox 169 1961 1124 2042">
    <p class='ocr_par' dir='ltr' id='par_1_5' title="bbox 169 1961 1124 2042">
     <span class='ocr_line' id='line_1_17' title="bbox 169 1961 1124 2042; baseline 0.004 -22"><span class='ocrx_word' id='word_1_115' title='bbox 169 1961 284 2021; x_wconf 85' lang='lat' dir='ltr'><strong>bitisi’&#39;</strong></span> <span class='ocrx_word' id='word_1_116' title='bbox 324 1962 389 2021; x_wconf 86' lang='lat' dir='ltr'><strong>Hae</strong></span> <span class='ocrx_word' id='word_1_117' title='bbox 404 1967 502 2021; x_wconf 90' lang='lat' dir='ltr'><strong>tamen</strong></span> <span class='ocrx_word' id='word_1_118' title='bbox 516 1962 647 2021; x_wconf 90' lang='lat' dir='ltr'><strong>oratione</strong></span> <span class='ocrx_word' id='word_1_119' title='bbox 660 1980 721 2035; x_wconf 87' lang='lat' dir='ltr'><strong>usa,</strong></span> <span class='ocrx_word' id='word_1_120' title='bbox 730 1961 882 2039; x_wconf 86' lang='lat' dir='ltr'><strong>judicibus</strong></span> <span class='ocrx_word' id='word_1_121' title='bbox 896 1981 957 2021; x_wconf 95' lang='lat' dir='ltr'><strong>non</strong></span> <span class='ocrx_word' id='word_1_122' title='bbox 970 1964 1124 2042; x_wconf 78' lang='lat' dir='ltr'><strong>persuasit.</strong></span> 
     </span>
    </p>
   </div>
   <div class='ocr_carea' id='block_1_6' title="bbox 448 2129 865 2213">
    <p class='ocr_par' dir='ltr' id='par_1_6' title="bbox 448 2129 865 2213">
     <span class='ocr_line' id='line_1_18' title="bbox 448 2129 865 2213; baseline 0.007 -20"><span class='ocrx_word' id='word_1_123' title='bbox 448 2147 517 2195; x_wconf 87' lang='lat'>112.</span> <span class='ocrx_word' id='word_1_124' title='bbox 542 2129 647 2212; x_wconf 76' lang='lat' dir='ltr'><strong>cteap</strong></span> <span class='ocrx_word' id='word_1_125' title='bbox 667 2130 865 2213; x_wconf 81' lang='lat' dir='ltr'><strong>Travelling.</strong></span> 
     </span>
    </p>
   </div>
   <div class='ocr_carea' id='block_1_7' title="bbox 167 2249 1131 3548">
    <p class='ocr_par' dir='ltr' id='par_1_7' title="bbox 167 2249 1131 3548">
     <span class='ocr_line' id='line_1_19' title="bbox 209 2249 1129 2329; baseline 0.002 -19"><span class='ocrx_word' id='word_1_126' title='bbox 209 2252 324 2324; x_wconf 85' lang='lat' dir='ltr'><strong>Timon,</strong></span> <span class='ocrx_word' id='word_1_127' title='bbox 339 2250 498 2322; x_wconf 88' lang='lat' dir='ltr'><strong>Romanus,</strong></span> <span class='ocrx_word' id='word_1_128' title='bbox 513 2250 646 2309; x_wconf 86' lang='lat' dir='ltr'><strong>honestis</strong></span> <span class='ocrx_word' id='word_1_129' title='bbox 662 2255 750 2309; x_wconf 88' lang='lat' dir='ltr'><strong>natus</strong></span> <span class='ocrx_word' id='word_1_130' title='bbox 770 2249 948 2327; x_wconf 86' lang='lat' dir='ltr'><strong>parentibus,</strong></span> <span class='ocrx_word' id='word_1_131' title='bbox 965 2251 1019 2328; x_wconf 88' lang='lat' dir='ltr'><strong>qui</strong></span> <span class='ocrx_word' id='word_1_132' title='bbox 1038 2253 1129 2329; x_wconf 89' lang='lat' dir='ltr'><strong>patri-</strong></span> 
     </span>
     <span class='ocr_line' id='line_1_20' title="bbox 169 2343 1127 2422; baseline 0.002 -18"><span class='ocrx_word' id='word_1_133' title='bbox 169 2346 262 2405; x_wconf 91' lang='lat' dir='ltr'><strong>monii</strong></span> <span class='ocrx_word' id='word_1_134' title='bbox 285 2364 420 2422; x_wconf 88' lang='lat' dir='ltr'><strong>magnam</strong></span> <span class='ocrx_word' id='word_1_135' title='bbox 448 2349 560 2421; x_wconf 84' lang='lat' dir='ltr'><strong>partem</strong></span> <span class='ocrx_word' id='word_1_136' title='bbox 583 2343 714 2403; x_wconf 87' lang='lat' dir='ltr'><strong>ludendo</strong></span> <span class='ocrx_word' id='word_1_137' title='bbox 739 2343 936 2417; x_wconf 85' lang='lat' dir='ltr'><strong>devoraverat,</strong></span> <span class='ocrx_word' id='word_1_138' title='bbox 962 2346 1065 2421; x_wconf 82' lang='lat' dir='ltr'><strong>procul</strong></span> <span class='ocrx_word' id='word_1_139' title='bbox 1089 2347 1127 2406; x_wconf 91' lang='lat' dir='ltr'><strong>ab</strong></span> 
     </span>
     <span class='ocr_line' id='line_1_21' title="bbox 168 2437 1127 2512; baseline -0.001 -13"><span class='ocrx_word' id='word_1_140' title='bbox 168 2440 242 2499; x_wconf 86' lang='lat' dir='ltr'><strong>urbe</strong></span> <span class='ocrx_word' id='word_1_141' title='bbox 256 2440 312 2498; x_wconf 90' lang='lat' dir='ltr'><strong>iter</strong></span> <span class='ocrx_word' id='word_1_142' title='bbox 324 2438 457 2499; x_wconf 80' lang='lat' dir='ltr'><strong>faciebat</strong></span> <span class='ocrx_word' id='word_1_143' title='bbox 501 2437 566 2512; x_wconf 82' lang='lat' dir='ltr'><strong>Quo</strong></span> <span class='ocrx_word' id='word_1_144' title='bbox 587 2438 620 2495; x_wconf 92' lang='lat' dir='ltr'><strong>in</strong></span> <span class='ocrx_word' id='word_1_145' title='bbox 640 2437 745 2496; x_wconf 88' lang='lat' dir='ltr'><strong>itinero</strong></span> <span class='ocrx_word' id='word_1_146' title='bbox 766 2437 838 2496; x_wconf 89' lang='lat' dir='ltr'><strong>dnm</strong></span> <span class='ocrx_word' id='word_1_147' title='bbox 858 2457 938 2496; x_wconf 91' lang='lat' dir='ltr'><strong>more</strong></span> <span class='ocrx_word' id='word_1_148' title='bbox 958 2457 1011 2497; x_wconf 90' lang='lat' dir='ltr'><strong>sno</strong></span> <span class='ocrx_word' id='word_1_149' title='bbox 1031 2439 1127 2498; x_wconf 87' lang='lat' dir='ltr'><strong>aleam</strong></span> 
     </span>
     <span class='ocr_line' id='line_1_22' title="bbox 168 2530 1128 2609; baseline -0.001 -17"><span class='ocrx_word' id='word_1_150' title='bbox 168 2533 256 2605; x_wconf 88' lang='lat' dir='ltr'><strong>ludit,</strong></span> <span class='ocrx_word' id='word_1_151' title='bbox 275 2533 388 2609; x_wconf 71' lang='lat' dir='ltr'><strong>reliqua</strong></span> <span class='ocrx_word' id='word_1_152' title='bbox 407 2536 489 2608; x_wconf 90' lang='lat' dir='ltr'><strong>parte</strong></span> <span class='ocrx_word' id='word_1_153' title='bbox 509 2531 649 2608; x_wconf 88' lang='lat' dir='ltr'><strong>pecuniae</strong></span> <span class='ocrx_word' id='word_1_154' title='bbox 669 2530 812 2608; x_wconf 90' lang='lat' dir='ltr'><strong>spoliatus</strong></span> <span class='ocrx_word' id='word_1_155' title='bbox 833 2536 883 2590; x_wconf 84' lang='lat' dir='ltr'><strong>est</strong></span> <span class='ocrx_word' id='word_1_156' title='bbox 928 2531 1004 2590; x_wconf 83' lang='lat' dir='ltr'><strong>Tum</strong></span> <span class='ocrx_word' id='word_1_157' title='bbox 1024 2532 1058 2607; x_wconf 89' lang='lat' dir='ltr'><strong>is,</strong></span> <span class='ocrx_word' id='word_1_158' title='bbox 1078 2533 1128 2591; x_wconf 88' lang='lat' dir='ltr'><strong>eni</strong></span> 
     </span>
     <span class='ocr_line' id='line_1_23' title="bbox 169 2623 1129 2704; baseline -0.002 -17"><span class='ocrx_word' id='word_1_159' title='bbox 169 2647 223 2687; x_wconf 88' lang='lat' dir='ltr'><strong>nee</strong></span> <span class='ocrx_word' id='word_1_160' title='bbox 250 2633 402 2704; x_wconf 82' lang='lat' dir='ltr'><strong>argentum</strong></span> <span class='ocrx_word' id='word_1_161' title='bbox 429 2644 483 2684; x_wconf 87' lang='lat' dir='ltr'><strong>nee</strong></span> <span class='ocrx_word' id='word_1_162' title='bbox 511 2625 622 2684; x_wconf 88' lang='lat' dir='ltr'><strong>amiens</strong></span> <span class='ocrx_word' id='word_1_163' title='bbox 649 2623 683 2682; x_wconf 91' lang='lat' dir='ltr'><strong>in</strong></span> <span class='ocrx_word' id='word_1_164' title='bbox 709 2624 746 2683; x_wconf 88' lang='lat' dir='ltr'><strong>iis</strong></span> <span class='ocrx_word' id='word_1_165' title='bbox 772 2624 845 2683; x_wconf 90' lang='lat' dir='ltr'><strong>locis</strong></span> <span class='ocrx_word' id='word_1_166' title='bbox 872 2626 1016 2697; x_wconf 89' lang='lat' dir='ltr'><strong>manebat,</strong></span> <span class='ocrx_word' id='word_1_167' title='bbox 1046 2626 1129 2703; x_wconf 91' lang='lat' dir='ltr'><strong>quod</strong></span> 
     </span>
     <span class='ocr_line' id='line_1_24' title="bbox 167 2717 1126 2797; baseline 0 -17"><span class='ocrx_word' id='word_1_168' title='bbox 167 2721 283 2780; x_wconf 90' lang='lat' dir='ltr'><strong>itineris</strong></span> <span class='ocrx_word' id='word_1_169' title='bbox 293 2721 439 2797; x_wconf 74' lang='lat' dir='ltr'><strong>impensas</strong></span> <span class='ocrx_word' id='word_1_170' title='bbox 452 2718 564 2778; x_wconf 87' lang='lat' dir='ltr'><strong>solvere</strong></span> <span class='ocrx_word' id='word_1_171' title='bbox 577 2737 639 2777; x_wconf 92' lang='lat' dir='ltr'><strong>non</strong></span> <span class='ocrx_word' id='word_1_172' title='bbox 652 2722 774 2794; x_wconf 88' lang='lat' dir='ltr'><strong>poterat,</strong></span> <span class='ocrx_word' id='word_1_173' title='bbox 787 2717 842 2777; x_wconf 91' lang='lat' dir='ltr'><strong>hoc</strong></span> <span class='ocrx_word' id='word_1_174' title='bbox 857 2718 978 2777; x_wconf 88' lang='lat' dir='ltr'><strong>consilio</strong></span> <span class='ocrx_word' id='word_1_175' title='bbox 988 2738 1060 2778; x_wconf 89' lang='lat' dir='ltr'><strong>usus</strong></span> <span class='ocrx_word' id='word_1_176' title='bbox 1071 2726 1126 2780; x_wconf 88' lang='lat' dir='ltr'><strong>est.</strong></span> 
     </span>
     <span class='ocr_line' id='line_1_25' title="bbox 169 2814 1128 2891; baseline 0.001 -17"><span class='ocrx_word' id='word_1_177' title='bbox 169 2816 305 2875; x_wconf 87' lang='lat' dir='ltr'><strong>Pulveris</strong></span> <span class='ocrx_word' id='word_1_178' title='bbox 313 2814 435 2891; x_wconf 89' lang='lat' dir='ltr'><strong>aliquid,</strong></span> <span class='ocrx_word' id='word_1_179' title='bbox 445 2814 525 2891; x_wconf 91' lang='lat' dir='ltr'><strong>quod</strong></span> <span class='ocrx_word' id='word_1_180' title='bbox 534 2819 673 2889; x_wconf 85' lang='lat' dir='ltr'><strong>coegerat,</strong></span> <span class='ocrx_word' id='word_1_181' title='bbox 689 2814 722 2872; x_wconf 91' lang='lat' dir='ltr'><strong>in</strong></span> <span class='ocrx_word' id='word_1_182' title='bbox 736 2814 898 2891; x_wconf 82' lang='lat' dir='ltr'><strong>complures</strong></span> <span class='ocrx_word' id='word_1_183' title='bbox 907 2821 1003 2891; x_wconf 84' lang='lat' dir='ltr'><strong>partes</strong></span> <span class='ocrx_word' id='word_1_184' title='bbox 1014 2814 1128 2890; x_wconf 87' lang='lat' dir='ltr'><strong>divisit,</strong></span> 
     </span>
     <span class='ocr_line' id='line_1_26' title="bbox 170 2906 1130 2985; baseline 0.001 -17"><span class='ocrx_word' id='word_1_185' title='bbox 170 2912 205 2969; x_wconf 92' lang='lat' dir='ltr'><strong>in</strong></span> <span class='ocrx_word' id='word_1_186' title='bbox 227 2909 336 2985; x_wconf 88' lang='lat' dir='ltr'><strong>quibus</strong></span> <span class='ocrx_word' id='word_1_187' title='bbox 356 2908 543 2984; x_wconf 83' lang='lat' dir='ltr'><strong>inscripserat</strong></span> <span class='ocrx_word' id='word_1_188' title='bbox 566 2906 749 2965; x_wconf 86' lang='lat' dir='ltr'><strong>“Venenum</strong></span> <span class='ocrx_word' id='word_1_189' title='bbox 771 2906 808 2965; x_wconf 89' lang='lat' dir='ltr'><strong>ad</strong></span> <span class='ocrx_word' id='word_1_190' title='bbox 829 2908 961 2966; x_wconf 89' lang='lat' dir='ltr'><strong>consules</strong></span> <span class='ocrx_word' id='word_1_191' title='bbox 982 2909 1130 2970; x_wconf 86' lang='lat' dir='ltr'><strong>necandos</strong></span> 
     </span>
     <span class='ocr_line' id='line_1_27' title="bbox 170 3000 1131 3081; baseline 0 -19"><span class='ocrx_word' id='word_1_192' title='bbox 170 3002 330 3081; x_wconf 85' lang='lat' dir='ltr'><strong>paratum”</strong></span> <span class='ocrx_word' id='word_1_193' title='bbox 372 3001 451 3076; x_wconf 78' lang='lat' dir='ltr'><strong>Quas</strong></span> <span class='ocrx_word' id='word_1_194' title='bbox 475 3000 538 3077; x_wconf 57' lang='lat' dir='ltr'><strong>ubi,</strong></span> <span class='ocrx_word' id='word_1_195' title='bbox 552 3000 692 3059; x_wconf 81' lang='lat' dir='ltr'><strong>viderunt</strong></span> <span class='ocrx_word' id='word_1_196' title='bbox 716 3000 865 3076; x_wconf 80' lang='lat' dir='ltr'><strong>agricolae,</strong></span> <span class='ocrx_word' id='word_1_197' title='bbox 886 3020 947 3060; x_wconf 89' lang='lat' dir='ltr'><strong>rem</strong></span> <span class='ocrx_word' id='word_1_198' title='bbox 967 3002 1005 3060; x_wconf 90' lang='lat' dir='ltr'><strong>ad</strong></span> <span class='ocrx_word' id='word_1_199' title='bbox 1025 3005 1131 3080; x_wconf 83' lang='lat' dir='ltr'><strong>magis-</strong></span> 
     </span>
     <span class='ocr_line' id='line_1_28' title="bbox 170 3094 1130 3171; baseline 0 -15"><span class='ocrx_word' id='word_1_200' title='bbox 170 3104 266 3157; x_wconf 83' lang='lat' dir='ltr'><strong>tratus</strong></span> <span class='ocrx_word' id='word_1_201' title='bbox 279 3095 456 3169; x_wconf 90' lang='lat' dir='ltr'><strong>detulerunt,</strong></span> <span class='ocrx_word' id='word_1_202' title='bbox 472 3094 525 3170; x_wconf 89' lang='lat' dir='ltr'><strong>qui</strong></span> <span class='ocrx_word' id='word_1_203' title='bbox 538 3094 699 3166; x_wconf 80' lang='lat' dir='ltr'><strong>Timonem,</strong></span> <span class='ocrx_word' id='word_1_204' title='bbox 714 3099 750 3153; x_wconf 83' lang='lat' dir='ltr'><strong>ut</strong></span> <span class='ocrx_word' id='word_1_205' title='bbox 765 3094 951 3171; x_wconf 88' lang='lat' dir='ltr'><strong>proditorem,</strong></span> <span class='ocrx_word' id='word_1_206' title='bbox 966 3095 1004 3154; x_wconf 90' lang='lat' dir='ltr'><strong>ad</strong></span> <span class='ocrx_word' id='word_1_207' title='bbox 1024 3097 1130 3156; x_wconf 85' lang='lat' dir='ltr'><strong>urbem</strong></span> 
     </span>
     <span class='ocr_line' id='line_1_29' title="bbox 173 3187 1130 3268; baseline 0 -18"><span class='ocrx_word' id='word_1_208' title='bbox 173 3192 291 3268; x_wconf 84' lang='lat' dir='ltr'><strong>publico</strong></span> <span class='ocrx_word' id='word_1_209' title='bbox 318 3194 440 3266; x_wconf 90' lang='lat' dir='ltr'><strong>sumptu</strong></span> <span class='ocrx_word' id='word_1_210' title='bbox 467 3207 556 3265; x_wconf 90' lang='lat' dir='ltr'><strong>qnam</strong></span> <span class='ocrx_word' id='word_1_211' title='bbox 586 3187 733 3247; x_wconf 87' lang='lat' dir='ltr'><strong>celerrime</strong></span> <span class='ocrx_word' id='word_1_212' title='bbox 765 3194 925 3248; x_wconf 85' lang='lat' dir='ltr'><strong>traxerunt</strong></span> <span class='ocrx_word' id='word_1_213' title='bbox 983 3188 1130 3251; x_wconf 87' lang='lat' dir='ltr'><strong>Consules</strong></span> 
     </span>
     <span class='ocr_line' id='line_1_30' title="bbox 172 3282 1130 3359; baseline 0.001 -15"><span class='ocrx_word' id='word_1_214' title='bbox 172 3291 280 3357; x_wconf 88' lang='lat' dir='ltr'><strong>autem,</strong></span> <span class='ocrx_word' id='word_1_215' title='bbox 308 3284 361 3359; x_wconf 90' lang='lat' dir='ltr'><strong>qui</strong></span> <span class='ocrx_word' id='word_1_216' title='bbox 387 3300 535 3341; x_wconf 86' lang='lat' dir='ltr'><strong>venenum</strong></span> <span class='ocrx_word' id='word_1_217' title='bbox 558 3287 621 3340; x_wconf 84' lang='lat' dir='ltr'><strong>tam</strong></span> <span class='ocrx_word' id='word_1_218' title='bbox 642 3282 783 3341; x_wconf 82' lang='lat' dir='ltr'><strong>innocens</strong></span> <span class='ocrx_word' id='word_1_219' title='bbox 806 3301 867 3342; x_wconf 91' lang='lat' dir='ltr'><strong>non</strong></span> <span class='ocrx_word' id='word_1_220' title='bbox 891 3283 1044 3359; x_wconf 87' lang='lat' dir='ltr'><strong>timebant,</strong></span> <span class='ocrx_word' id='word_1_221' title='bbox 1067 3305 1130 3345; x_wconf 88' lang='lat' dir='ltr'><strong>non</strong></span> 
     </span>
     <span class='ocr_line' id='line_1_31' title="bbox 173 3374 1131 3449; baseline 0.002 -11"><span class='ocrx_word' id='word_1_222' title='bbox 173 3379 260 3438; x_wconf 92' lang='lat' dir='ltr'><strong>modo</strong></span> <span class='ocrx_word' id='word_1_223' title='bbox 279 3397 346 3437; x_wconf 89' lang='lat' dir='ltr'><strong>enm</strong></span> <span class='ocrx_word' id='word_1_224' title='bbox 366 3396 382 3435; x_wconf 93' lang='lat' dir='ltr'><strong>e</strong></span> <span class='ocrx_word' id='word_1_225' title='bbox 402 3375 530 3434; x_wconf 80' lang='lat' dir='ltr'><strong>vinculis</strong></span> <span class='ocrx_word' id='word_1_226' title='bbox 550 3374 758 3449; x_wconf 85' lang='lat' dir='ltr'><strong>liberaverunt,</strong></span> <span class='ocrx_word' id='word_1_227' title='bbox 777 3375 830 3449; x_wconf 84' lang='lat' dir='ltr'><strong>sed</strong></span> <span class='ocrx_word' id='word_1_228' title='bbox 849 3375 984 3437; x_wconf 85' lang='lat' dir='ltr'><strong>fortunae</strong></span> <span class='ocrx_word' id='word_1_229' title='bbox 1004 3379 1131 3440; x_wconf 86' lang='lat' dir='ltr'><strong>miseriti</strong></span> 
     </span>
     <span class='ocr_line' id='line_1_32' title="bbox 174 3468 604 3548; baseline -0.012 -17"><span class='ocrx_word' id='word_1_230' title='bbox 174 3472 274 3548; x_wconf 84' lang='lat' dir='ltr'><strong>aliquo</strong></span> <span class='ocrx_word' id='word_1_231' title='bbox 287 3469 401 3547; x_wconf 79' lang='lat' dir='ltr'><strong>argenti</strong></span> <span class='ocrx_word' id='word_1_232' title='bbox 413 3468 604 3528; x_wconf 80' lang='lat' dir='ltr'><strong>donaverunt</strong></span> 
     </span>
    </p>
   </div>
   <div class='ocr_carea' id='block_1_8' title="bbox 0 0 1229 3850">
    <p class='ocr_par' dir='ltr' id='par_1_8' title="bbox 0 0 1229 3850">
     <span class='ocr_line' id='line_1_33' title="bbox 0 0 1229 3850; baseline 0 0"><span class='ocrx_word' id='word_1_233' title='bbox 0 0 1229 3850; x_wconf 95' lang='lat' dir='ltr'><strong> </strong></span> 
     </span>
    </p>
   </div>
  </div>
 </body>
</html>
