2425 3850
375 603 517 666 PIEOES
538 603 621 665 FOR
642 602 946 665 TRANSLATION.

480 785 530 852 91.
560 767 591 831 T
588 766 627 832 lte
641 767 861 834 Bloodleund.

225 919 378 992 Robertus,
394 916 547 978 Scotorum
561 937 622 992 rex,
634 917 681 976 vir
694 920 725 976 et
737 916 826 976 ermis
840 920 870 975 et
880 915 991 974 virtute
1006 913 1147 991 insignis,

184 1013 295 1075 bellum
309 1031 375 1072 cum
390 1011 539 1070 Britannis
554 1029 615 1070 uon
629 1029 763 1087 prospere
775 1010 869 1086 primo
880 1008 1004 1086 gerebat.
1048 1008 1147 1065 Erant

185 1106 264 1166 euim
279 1106 309 1165 iu
324 1105 424 1164 cestris
438 1104 568 1164 hostium
589 1104 751 1181 complures
772 1102 861 1175 Secti,
877 1103 930 1180 qui
943 1102 982 1161 ob
996 1102 1145 1178 privatam

183 1200 327 1260 iuvidiam
352 1199 501 1258 Britannis
523 1198 669 1258 auxilium
689 1197 874 1275 praebebunt
918 1197 966 1255 Ex
990 1197 1038 1255 his
1063 1215 1145 1254 unus

182 1293 335 1355 coustituit
362 1312 458 1371 regem
487 1311 587 1370 cupere
614 1311 666 1369 per
689 1311 790 1351 cenem
814 1291 1025 1363 fidelissimum,
1052 1310 1144 1366 quem

182 1388 244 1466 ipse
265 1387 376 1447 donum
397 1386 434 1446 eb
456 1405 489 1446 eo
509 1391 665 1464 acceperut
710 1385 857 1444 Robertus
877 1386 960 1454 torte,
979 1384 1144 1460 majoribus

181 1480 311 1540 hostium
332 1479 425 1557 copiis
446 1479 652 1553 circumdetur,
675 1497 743 1538 suos
763 1478 849 1553 fugae
874 1481 959 1540 ceusu
980 1477 1014 1535 in
1038 1495 1143 1535 omnes

180 1581 276 1654 portes
297 1573 444 1633 discedere
461 1574 587 1650 jusserat
597 1595 605 1648 3
631 1574 694 1650 ipse
714 1577 814 1631 temen
834 1591 901 1630 cum
915 1590 974 1630 uno
988 1570 1096 1629 comite
1110 1590 1142 1629 se

179 1668 212 1728 iu
227 1667 316 1728 silves
329 1666 454 1728 obdidit.
497 1665 541 1726 At
555 1666 663 1738 hostes,
679 1684 749 1724 cene
770 1665 861 1739 ducti,
877 1665 952 1740 regie
973 1664 1141 1741 perfugium

179 1760 264 1820 focile
289 1759 474 1819 invenerunt.
519 1759 577 1818 Hic
603 1764 702 1818 eutem
726 1758 834 1817 lutretu
858 1758 939 1816 cuuis
960 1757 1138 1830 admonitus,

179 1872 231 1933 per
251 1847 369 1913 elveuss
388 1852 520 1912 fluminis
534 1851 593 1912 duo
607 1852 703 1911 millie
723 1870 862 1929 pcssuum
876 1850 1058 1926 ambulavit3
1079 1870 1139 1927 quo

180 1945 301 2007 consilio
325 1965 426 2005 seevos
451 1945 549 2005 hostes
578 1945 674 2004 elusit
718 1945 808 2006 Canis
829 1946 915 2021 enim,
938 1945 991 2022 qui
1015 1945 1140 2021 vestigia

180 2040 292 2101 domiui
306 2043 382 2099 terrei
396 2058 568 2117 cognoscere
582 2043 705 2117 poterut,
720 2042 796 2117 eque
809 2040 929 2097 omuino
944 2038 1035 2097 falsus
1049 2043 1101 2098 est

366 2299 418 2365 92·
447 2281 478 2345 T
474 2280 513 2344 lte
527 2281 744 2345 Bloodhound
756 2281 960 2366 (continued).

221 2421 381 2498 Postqusm
406 2419 479 2479 dues
503 2419 588 2478 hores
612 2420 646 2478 in
669 2420 745 2479 silve
770 2419 942 2479 densissime
962 2424 1134 2493 erraverant,

179 2514 301 2575 tandem
321 2533 373 2574 rex
395 2532 557 2590 comesque
578 2513 676 2572 fidelis
697 2514 793 2572 tribus
806 2514 878 2571 viris
898 2514 1026 2585 ermetis,
1041 2515 1135 2590 specie

179 2608 278 2681 feroci,
289 2608 407 2667 obviem
421 2608 548 2669 iverunt.
592 2608 658 2667 Rex
669 2612 776 2681 temen,
787 2608 843 2666 etsi
857 2606 911 2666 hos
924 2607 957 2665 in
970 2608 1135 2684 suspicione

180 2703 294 2775 hebuit,
323 2702 400 2761 fame
428 2700 586 2775 confectus,
612 2701 775 2778 hospitium
803 2701 905 2760 detum
933 2718 994 2757 non
1022 2700 1132 2759 obnuit.

181 2795 257 2855 Inde
271 2795 378 2854 ductus
399 2793 437 2853 ed
457 2813 560 2867 cesam,
576 2814 651 2872 quac
671 2793 752 2852 hcud
773 2794 874 2871 procul
888 2793 996 2866 aberet,
1011 2793 1133 2870 benigue

180 2892 316 2965 acceptus
330 2892 375 2946 est
389 2906 405 2945 u
419 2886 591 2959 latronibus,
607 2888 660 2964 qui
674 2892 767 2946 totem
788 2906 872 2946 ovem
894 2892 1044 2959 coxerunt,
1059 2905 1134 2965 meg-

180 3000 318 3059 nemque
326 2987 438 3058 purtem
450 2979 572 3039 advenis
582 2979 733 3040 dederunt
770 2980 843 3039 Post
854 2998 972 3039 coenum
980 2979 1131 3054 Robertus,

180 3074 268 3152 longo
288 3074 387 3133 lubere
408 3073 546 3147 defessus,
561 3092 664 3133 somno
685 3092 747 3133 sese
767 3074 857 3134 dedit.
902 3073 1007 3133 Comes
1027 3078 1130 3151 umen,

179 3169 232 3247 qui
255 3188 274 3227 e
296 3187 361 3245 rege
382 3167 503 3244 vigilere
522 3169 624 3244 jussus
651 3172 721 3240 eret,
742 3168 824 3244 gravi
848 3186 950 3227 somno
971 3186 1128 3245 oppressus,

179 3262 306 3323 officium
321 3261 426 3321 omisit
471 3262 548 3339 Tum¹
560 3260 697 3337 latrones,
713 3262 766 3339 qui
786 3261 844 3339 ipsi
864 3279 1000 3321 somnum
1018 3262 1130 3322 simuls-

178 3360 289 3428 vereut‚
312 3355 415 3414 furtim
435 3355 575 3433 petebant
595 3374 659 3414 cem
680 3360 792 3432 partem
813 3373 902 3431 cesse,
925 3359 984 3433 que
1003 3354 1128 3433 hospites

178 3448 369 3508 dormiebant
