2425 3850
171 259 208 319 16
513 253 788 322 Translations.

170 474 244 514 cum.
289 455 353 513 Nec
377 455 457 513 canis
480 458 594 512 recusat
622 472 760 530 pugnam,
785 453 838 511 aad
861 453 957 512 saevis
984 451 1127 510 dentibus

170 553 266 607 tentat
279 547 366 606 modo
378 553 499 624 tergum,
511 546 598 606 modo
612 548 749 619 frontem,
761 547 845 606 tauri.
888 546 964 603 Tum
977 564 1051 622 puer
1064 564 1127 603 non

170 642 377 718 praetermittit
401 641 588 712 occasionem,
610 645 641 698 at
665 639 766 698 desilit
793 659 830 699 ex
850 638 959 712 arbore,
982 639 1127 715 petitque

170 735 277 811 fugam.
320 733 489 792 Adversarii
512 752 565 792 nec
589 733 721 791 sentiunt
744 732 852 809 fugam,
878 751 932 790 nac
954 730 1127 807 relinquunt

170 848 306 906 pugnam.
350 828 455 903 Itaque
469 827 501 886 N
501 846 549 886 ero
563 832 646 886 tutus
666 845 684 884 a
704 832 787 885 tanto
801 826 930 901 periculo
943 825 1005 902 agit
1017 825 1127 902 gratias

170 923 216 1000 dis
230 942 282 1000 pro
296 922 398 982 salute.

487 1073 534 1140 15.
557 1060 655 1142 Lady
673 1060 809 1124 Godiva.

211 1178 317 1255 Gyges,
338 1196 461 1253 magnus
480 1181 510 1235 et
531 1175 674 1252 superbus
694 1176 837 1253 princeps,
852 1176 979 1251 graviter
997 1176 1125 1234 vexabat

169 1271 279 1330 iucblas
306 1271 390 1347 parvi
413 1270 524 1347 oppidi,
548 1269 673 1328 finitimi
696 1270 757 1327 suis
781 1269 910 1328 aedibus.
953 1269 1123 1346 Aliquando

169 1364 336 1442 postulabat
351 1383 370 1421 a
386 1363 500 1421 civibus
520 1362 664 1421 tributum
686 1362 786 1420 decem
806 1362 991 1420 talentorum.
1036 1362 1125 1421 Cives

168 1460 259 1536 igitur
271 1457 374 1517 multis
387 1456 514 1515 lacrimis
528 1455 745 1514 communicant
759 1455 887 1514 dolorem
908 1474 976 1514 oum
997 1454 1122 1525 Godiva,

168 1572 259 1611 uxore
290 1551 390 1628 Gygis.
449 1550 524 1608 Inde
560 1549 684 1622 Godiva,
717 1568 785 1626 praa
818 1550 1021 1622 misericordia,
1047 1550 1125 1625 petit

168 1645 285 1704 veniam
298 1664 316 1702 a
329 1643 460 1720 oonjirga
473 1649 561 1720 atque
575 1644 721 1719 impetrat,
733 1643 786 1702 sed
799 1643 880 1701 duris
894 1642 1121 1701 conditionibus

169 1740 230 1797 Diu
250 1739 375 1797 haesitat
384 1757 393 1812 3
413 1737 533 1795 tandem
554 1756 634 1795 amor
656 1737 750 1796 vincit
770 1737 920 1812 pudorem,
935 1755 989 1794 nec
1010 1740 1125 1794 recusat

168 1833 357 1892 conditiones.
402 1829 551 1907 Oppidani
565 1830 707 1889 claudunt
718 1838 816 1907 portas
830 1834 859 1888 et
872 1830 1021 1902 fenestras,
1033 1830 1124 1888 disce-

168 1931 312 2005 duntque
326 1945 342 1985 e
355 1926 436 1984 vicis.
480 1924 555 1983 Tum
570 1924 687 1984 Godiva
701 1924 829 1984 detrahit
842 1932 972 1999 vestem;
991 1926 1124 1985 ascendit

169 2022 296 2098 Equum,
323 2019 403 2077 nuda
430 2017 544 2095 iquitat
567 2038 620 2095 per
640 2019 721 2077 vicos
728 2040 737 2093 3
766 2018 924 2095 habet-qua
951 2020 1121 2094 praemium.

169 2113 253 2173 Grati
267 2112 344 2172 cives
357 2112 446 2170 hodie
459 2118 576 2171 servant
590 2112 759 2170 memoriam
773 2111 903 2171 Godivaa
917 2122 1023 2189 magna
1036 2123 1111 2171 cura

477 2296 524 2359 16.
542 2295 703 2378 Faatafur
717 2296 817 2362 eaor

210 2419 315 2479 Timon
337 2417 383 2476 vir
410 2421 471 2475 erat
494 2416 648 2493 generosus
670 2417 722 2475 scd
746 2421 859 2493 egenus.
903 2417 1066 2477 Habitabat
1088 2419 1124 2478 in

168 2513 290 2573 aedibus
308 2510 421 2587 magnis
441 2510 493 2569 aed
513 2509 660 2585 obsoletis,
676 2515 706 2569 at
725 2530 809 2588 saepe
829 2511 971 2570 tolerabat
991 2513 1122 2589 inopiam

168 2610 234 2669 cibi.
301 2606 435 2683 Calabus,
470 2626 571 2667 servus
614 2607 798 2682 domesticus,
833 2609 961 2667 multum
1006 2611 1125 2669 amabat

168 2704 329 2774 Timonem,
365 2706 395 2760 et
429 2700 541 2761 celabat
575 2702 731 2778 diligenter
764 2708 965 2779 paupertatem
998 2704 1122 2763 domini.

168 2795 337 2873 Aliquando
356 2794 445 2853 multi
466 2796 591 2854 viatores
611 2796 751 2871 patebant
772 2796 933 2873 hospitium
953 2817 970 2855 a
990 2797 1121 2860 Timone.

62 2910 66 2923 ·
167 2891 224 2949 Vir
248 2889 392 2965 benignus
416 2888 542 2948 libenter
566 2889 658 2965 aperit
681 2895 780 2965 portas
799 2890 924 2948 aedium.
967 2890 1030 2950 Ubi
1050 2891 1124 2951 hora

167 3001 275 3045 coenae
283 2981 373 3055 adest,
386 2981 465 3057 quod
476 2980 603 3041 habebat
613 2980 729 3040 nullum
743 2981 851 3054 cibum,
864 2980 989 3041 Calebus
1001 2983 1124 3061 paulum

167 3076 272 3135 haeret
315 3075 442 3133 Vicinus
455 3074 531 3132 forta
552 3072 717 3132 celebrabat
737 3073 837 3151 bpirlas
847 3097 856 3149 ;
876 3076 974 3134 subito
995 3075 1123 3137 Calabras

168 3171 258 3229 currit
272 3169 310 3227 ad
324 3168 422 3227 locum
436 3173 466 3226 et
479 3176 585 3244 magna
597 3186 675 3242 voca,
691 3167 814 3228 “Aedes
828 3170 957 3244 ardent,''
968 3171 1121 3233 exclamat.

167 3264 321 3353 Convivap
338 3266 495 3338 erumpunt
519 3258 577 3320 huc
602 3260 682 3319 illuc.
725 3262 768 3322 Aa
795 3263 922 3324 Calabua
949 3263 1013 3323 aina
1041 3265 1123 3325 moira

166 3358 309 3419 abstrahit
323 3376 340 3415 a
354 3365 454 3415 mansa
465 3356 592 3415 nitidum
605 3355 744 3430 anserem,
755 3359 946 3436 apponit-qua
960 3360 1122 3420 viatoribus

166 3452 266 3531 epulas
280 3448 456 3528 magnificas.
