2425 3850
468 191 744 261 translations.
1045 200 1085 258 23

125 386 172 446 As
195 407 269 466 puer
287 389 339 466 jus
362 389 468 450 abnuit
492 394 522 449 et
545 395 629 466 optat
649 401 711 450 ova
754 391 849 450 Tanto
869 391 991 451 fastidio
1010 393 1085 452 irata

125 483 230 541 nutrix
252 482 353 542 cibum
379 489 505 556 amovet,
529 503 721 562 puerumque
748 485 787 544 ad
812 485 922 544 lectum
944 485 1084 562 jejunum

124 575 260 635 dimittit.
304 576 451 638 Postridie
460 579 512 654 jus
525 584 570 636 est
589 579 697 638 iterum
710 584 799 654 caput
812 597 937 653 coenae3
956 587 988 638 at
1001 599 1082 656 puer,

123 669 183 727 etsi
202 669 290 730 valde
310 670 463 744 esuriebat,
485 673 593 732 iterum
620 673 772 732 recusavit
824 671 962 748 Jamque
988 675 1082 732 sames

122 781 230 840 corpus
243 762 373 842 Augusti
392 765 589 841 consumebat,
604 771 705 824 tamen
724 765 758 824 in
777 784 831 824 suo
848 765 970 825 consilio
983 785 1081 826 mane

123 857 177 915 bat
189 875 263 935 puer
271 879 282 933 ;
301 863 332 918 et
344 857 425 918 haud
438 859 481 918 ita
493 859 589 918 multo
603 867 671 936 post
683 859 822 936 migravit
834 859 872 918 de
885 868 956 919 viti.

379 1195 430 1261 29.
458 1177 525 1242 Tlu
538 1179 630 1241 cruel
640 1178 824 1244 Frederick.

161 1331 341 1406 Fredericns,
356 1352 430 1410 puer
449 1331 583 1408 crudelis,
605 1351 667 1391 nou
687 1333 798 1392 amavit
817 1331 972 1408 animalis,
991 1353 1077 1411 saepe

118 1429 282 1490 divellebnt
301 1431 363 1490 clas
381 1449 547 1490 muscarum
568 1435 599 1490 et
618 1431 739 1507 corpbra
760 1431 947 1489 formicarum
966 1432 1077 1491 acubus

117 1524 323 1601 transfigebat
393 1524 564 1601 Aliquando
606 1523 734 1582 vexabat
776 1523 944 1600 Trajunum,
988 1543 1076 1584 suum

116 1635 229 1690 canem,
244 1619 323 1676 saxis
343 1621 374 1677 ct
390 1615 568 1676 verberibus.
612 1615 705 1693 Saepe
725 1622 808 1693 pater
826 1617 1013 1676 Fredericnm
1033 1618 1076 1677 ita

116 1711 251 1770 monuit:
274 1711 381 1771 “Cave
394 1729 504 1783 canem,
516 1728 615 1768 noune
629 1709 733 1769 dentes
744 1709 835 1769 babet
847 1711 990 1769 acutoal”
1032 1711 1075 1770 At

115 1822 191 1880 puer
203 1804 294 1863 verba
314 1805 406 1881 patris
425 1803 550 1880 negligit
570 1808 601 1863 et
621 1821 711 1861 manu
731 1802 855 1862 caudam
874 1803 975 1862 miseri
993 1805 1075 1864 cunis

114 1902 242 1975 torquet.
284 1897 348 1958 Din
366 1899 510 1975 Trajanus
532 1915 595 1956 rem
618 1898 765 1974 patienter
786 1896 899 1957 tolbrat
941 1896 1074 1957 Tandem

114 1992 209 2051 iratus
236 1994 351 2052 mordet
376 1992 509 2052 dextram
538 1993 629 2069 pueri
677 1992 847 2051 Fredericus
873 1992 978 2051 multis
1004 2011 1073 2052 cum

113 2086 243 2146 lacrimis
270 2094 382 2164 patrem
410 2086 494 2164 petit.
552 2085 643 2145 “Cur
674 2084 821 2161 tandem,”
848 2085 947 2162 inquit
980 2093 1072 2165 pater,

114 2187 133 2214 “
142 2200 242 2239 meum
255 2181 410 2240 consilium
423 2178 609 2256 negligebant
620 2182 636 2210 ”

383 2512 433 2579 30.
456 2498 581 2560 Follcw
596 2493 649 2559 the
662 2494 799 2558 Leader.

153 2650 267 2724 Pastor,
292 2652 413 2710 nomine
434 2651 611 2727 Panurgius,
634 2648 742 2707 multas
766 2666 836 2705 oves
863 2646 1010 2723 habebat3
1037 2654 1069 2707 at

110 2744 196 2803 dives
221 2744 336 2803 vicinus
360 2743 469 2821 viginti
495 2762 532 2803 ex
558 2760 681 2801 numero
707 2740 856 2799 subducit
898 2740 1004 2799 Pastor
1030 2743 1069 2802 ad

107 2837 241 2915 judicem
267 2836 410 2914 prbptrat,
439 2838 602 2912 furemque
629 2840 752 2893 accusat.
806 2833 866 2893 Sed
889 2835 992 2911 judex,
1020 2838 1069 2895 vir

110 2931 293 3004 inhonestus,
309 2950 378 3008 prae
391 2931 495 2991 timore
508 2929 613 2989 divitis
626 2929 685 2987 viri
696 2932 795 3005 preces
807 2928 932 3004 pastoris
944 2930 1064 3005 spernit

110 3024 188 3084 Tum
201 3032 301 3101 pastor
313 3023 466 3084 humiliter
474 3024 587 3083 accidit
596 3022 635 3081 ad
647 3022 760 3083 furem:
783 3024 801 3055 “
810 3020 945 3095 Retine,’'
958 3022 1072 3097 inquit,

112 3124 218 3191 “oves,
243 3118 282 3177 du
308 3118 384 3177 mihi
410 3122 510 3177 tamen
537 3117 666 3189 arietem,
694 3116 800 3175 ducem
825 3116 945 3193 gregis”
994 3114 1064 3189 Fur,

110 3214 255 3286 incautae,
281 3213 400 3272 arietem
427 3211 517 3271 ducit
566 3210 636 3269 Jam
662 3215 763 3286 pastor
787 3208 870 3268 tollit
896 3208 1006 3267 animal
1032 3208 1067 3267 in

111 3306 247 3365 humeros
267 3310 299 3364 et
318 3305 450 3365 discedit.
492 3303 536 3363 At
558 3322 628 3363 oves
649 3303 777 3361 audiunt
795 3321 898 3361 vocem
922 3300 1013 3375 ducis,
1035 3307 1067 3360 et

111 3400 264 3461 universae
277 3404 382 3459 notum
396 3399 474 3461 boile
488 3400 535 3459 sui
549 3396 662 3458 domini
675 3402 790 3476 petunt.
1040 3395 1050 3414 ¹
