2425 3850
516 262 796 334 Translations.

357 593 425 658 119.
453 577 531 640 Two
546 597 606 639 can
614 577 696 660 play
710 588 749 642 at
763 576 837 642 tlzat
853 578 963 645 Game.

220 729 286 786 Hoc
300 729 353 787 ubi
367 730 504 805 cognovit
524 729 587 788 dux
607 729 755 789 latronum
773 750 891 791 suorum
906 732 1137 806 callidissimum,

178 823 220 881 rei
231 823 426 899 exquirendae
440 828 534 896 causa,
550 825 588 882 ad
609 823 712 882 urbem
727 825 815 885 misit.
859 825 917 900 Qui
931 827 1053 903 quidem
1067 827 1139 885 dum

178 917 281 976 urbem
294 922 430 993 pererrat,
443 918 519 975 forte
540 919 665 976 occurrit
685 919 790 977 sartori
804 919 928 993 cuidam,
944 921 997 997 qui
1011 940 1029 979 a
1044 921 1138 980 Balbo

175 1013 283 1086 jussus,
298 1011 396 1069 fratris
410 1011 540 1086 membra
553 1012 677 1088 disjecta
690 1031 743 1070 acu
760 1014 901 1090 junxerat
915 1013 1033 1091 (corpus
1047 1015 1136 1087 enim,

177 1105 210 1162 in
224 1110 362 1181 quattuor
375 1110 471 1181 partes
485 1105 622 1178 divisum,
638 1105 755 1182 sepeliri
768 1107 846 1183 leges
859 1108 1022 1182 vetabant).
1068 1107 1135 1180 Hic,

179 1200 225 1257 vir
238 1198 355 1275 loquax,
373 1199 516 1257 alatrone
537 1199 643 1257 callide
663 1201 866 1277 interrogatus,
889 1219 950 1258 non
971 1200 1059 1259 modo
1076 1221 1137 1259 rem
1192 1223 1193 1268 1

178 1311 293 1351 omnem
322 1293 474 1368 quaerenti
501 1291 678 1368 divulgavit,
703 1293 754 1351 sed
782 1293 903 1351 domum
931 1294 1019 1352 etiam
1049 1293 1137 1353 Balbi

177 1387 315 1447 ostendit.
358 1385 433 1445 Inde
453 1385 536 1458 latro,
552 1391 708 1462 postquam
728 1385 805 1444 fores
824 1391 901 1445 oreta
921 1391 1083 1460 notaverat,
1100 1388 1137 1446 ad

177 1486 295 1538 antrum
319 1480 425 1552 rediit3
449 1484 606 1555 noctuque
632 1479 753 1537 comites
776 1479 814 1537 ed
837 1478 934 1537 locum
959 1480 1054 1539 duxit.
1101 1481 1137 1540 Id

178 1579 277 1631 tamen
297 1573 377 1649 quod
401 1572 476 1631 latro
499 1573 607 1631 fecerat
631 1591 692 1631 non
714 1572 853 1649 effugerat
878 1571 965 1630 Balbi
988 1572 1135 1645 ancillam,

178 1686 253 1742 quae
273 1666 429 1725 consilium
449 1667 513 1742 ejus
533 1671 679 1742 suspicata
703 1666 855 1724 domorum
875 1666 1038 1724 vicinarum
1060 1666 1136 1726 fores

176 1759 279 1818 eodem
306 1759 392 1816 modo
419 1765 578 1818 notaverat.
629 1759 770 1818 Latrones
794 1759 893 1835 igitur,
916 1759 996 1834 quod
1020 1761 1136 1818 inimici

176 1853 296 1912 domum
310 1871 479 1929 cognoscere
493 1871 553 1911 non
566 1858 710 1931 poterent,
725 1853 758 1910 in
772 1852 861 1911 silvas
874 1853 951 1912 irrlti
965 1853 1122 1914 redierunt

433 2115 501 2161 120.
530 2096 597 2160 lee
611 2099 712 2179 Forty
732 2098 873 2163 Thicves.

215 2236 336 2295 Postero
359 2234 407 2293 die
432 2236 493 2293 dux
516 2234 673 2308 latronum,
695 2235 733 2293 ad
754 2235 839 2293 aedes
863 2234 950 2294 Balbi
970 2235 1008 2293 ab
1030 2236 1132 2295 eodem

173 2337 281 2389 sartore
290 2329 405 2403 duetus,
415 2336 549 2388 naturam
559 2328 617 2387 loci
628 2329 720 2388 oculis
731 2329 943 2388 accuratissime
954 2329 1130 2391 observavit.

173 2425 250 2483 Inde
274 2424 382 2500 viginti
408 2424 514 2496 asinos,
539 2422 618 2481 vasis
641 2422 812 2498 ingentibus
836 2428 969 2481 oneratos
997 2424 1132 2499 paravit;

173 2538 297 2595 qnorum
316 2537 409 2576 unum
435 2517 555 2594 quidem
579 2516 643 2575 oleo
664 2515 819 2593 implevit3
840 2516 873 2574 in
897 2516 1010 2592 reliqua
1032 2522 1131 2577 tamen

172 2612 289 2689 singula
298 2612 383 2669 binos
394 2610 509 2669 abdidit
519 2609 655 2669 latrones.
696 2608 813 2667 Deinde
822 2609 1131 2687 vesperimercatorem

173 2705 314 2764 simulans
335 2705 372 2763 ad
392 2705 496 2763 urbem
516 2723 582 2762 cum
602 2703 693 2762 asinis
713 2703 861 2780 profectus
883 2708 935 2776 est,
951 2708 982 2762 et
995 2724 1012 2763 a
1026 2704 1130 2779 Balbe,

173 2817 260 2874 quem
280 2817 333 2874 pro
353 2798 475 2857 aedibus
495 2797 644 2856 sedentem
663 2796 788 2870 invenit,
804 2796 966 2873 hospitium
986 2795 1045 2855 eibi
1060 2798 1132 2856 suis

172 2910 231 2967 qne
244 2892 338 2967 petiit
382 2891 411 2949 A
424 2910 482 2967 quo
496 2890 623 2967 benigne
637 2894 771 2965 acceptus
784 2908 854 2948 vasa
874 2890 972 2948 omnis
991 2890 1025 2947 in
1045 2890 1131 2950 horto

172 2985 326 3061 disposuit,
348 2985 536 3059 comitesque
556 2984 673 3060 signum
697 2982 817 3041 silentes
841 2986 1008 3059 exspectare
1028 2984 1128 3059 jussit

172 3080 216 3137 At
232 3078 339 3137 ancilla
359 3077 468 3151 eadem,
483 3096 566 3153 quae,
581 3077 654 3136 dum
674 3076 737 3135 dux
757 3075 904 3135 latronum
925 3095 992 3134 cum
1010 3076 1130 3135 domiuo

172 3191 226 3230 suo
251 3176 361 3244 coenat,
383 3170 515 3229 fraudem
540 3176 734 3247 perspexerat,
760 3170 858 3228 oleum
881 3188 919 3228 ex
943 3170 1037 3246 primo
1061 3189 1130 3229 vase

173 3267 341 3339 deductum,
363 3270 451 3342 atque
470 3266 538 3341 igne
559 3254 678 3339 tostum,
695 3263 866 3336 latronibus,
882 3264 934 3340 qui
955 3264 986 3322 iu
1007 3263 1129 3341 reliquie

172 3360 250 3421 vasis
262 3360 403 3433 latebant,
418 3359 522 3434 injecit
535 3376 704 3435 omnes-que
717 3357 756 3417 ad
769 3375 862 3416 unum
877 3357 1040 3423 suffocavit,
