2425 3850
521 237 796 310 'I'ranslations

445 472 513 536 143.
541 455 666 536 Timely
681 457 878 523 Assistance.

202 635 207 643 Ι
220 573 295 634 Inde
305 574 442 649 Glaucus,
455 594 547 651 quum
557 577 621 652 jam
631 577 669 636 ad
683 578 824 655 oppidum
835 580 1088 657 appropinquaret,
1101 581 1133 639 in

178 674 300 727 nautam
333 670 479 745 quendam
513 671 603 729 altero
637 670 711 747 pede
745 673 883 731 claudum
916 674 1030 734 incidit.
1073 675 1132 734 Hic

179 762 292 838 aliquid
306 763 366 822 cibi
378 763 416 821 ab
430 783 464 823 eo
478 765 572 841 petiit
617 763 675 824 Cui
688 785 760 842 puer
773 765 806 824 id
819 767 899 842 quod
913 767 1059 844 reliquum
1073 775 1133 828 erat

178 856 264 931 panis
291 854 381 915 dedit.
424 855 481 915 His
508 857 650 916 faciendis
677 863 793 916 tantum
821 859 881 918 diei
904 866 1130 937 consumpserat,

176 947 219 1023 ut,
236 949 307 1007 dum
321 950 442 1008 domum
456 970 493 1009 ex
507 951 616 1028 oppido
631 952 717 1026 redit,
732 959 817 1011 nocte
838 972 999 1030 oppressus,
1015 974 1131 1013 cursum

176 1048 275 1102 tenere
288 1063 349 1102 non
362 1050 468 1121 possst,
483 1045 535 1103 sed
555 1065 606 1122 per
625 1046 720 1104 aviam
742 1047 848 1105 silvam
868 1053 980 1106 erraret
1024 1047 1131 1107 Subito

175 1143 274 1196 autem
287 1137 347 1196 duo
360 1138 496 1210 latrones,
511 1139 564 1215 qui
583 1139 617 1197 in
637 1139 712 1198 silvi
732 1140 870 1214 latebant,
887 1160 925 1199 ex
938 1141 1055 1200 insidiis
1069 1149 1134 1219 pro'

175 1233 287 1306 siliunt,
314 1252 504 1310 puerum-qus
531 1238 648 1309 raptum
673 1238 754 1293 veste
782 1235 905 1310 spoliare
933 1239 1045 1311 parant
1088 1237 1131 1295 At

174 1325 256 1384 canis
269 1326 371 1398 fidelis,
383 1326 436 1402 qui
449 1326 594 1385 Glaucum
609 1330 705 1384 totum
722 1326 799 1384 diem
813 1333 930 1386 secutus
944 1333 996 1400 est,
1011 1327 1131 1388 alterins

173 1421 296 1479 latronis
320 1440 385 1480 crus
409 1426 471 1478 tam
494 1420 597 1478 acriter
621 1419 785 1495 momordit,
807 1425 842 1478 ut
862 1420 911 1479 hic
932 1440 998 1479 cum
1018 1423 1130 1498 gemitu

173 1534 298 1591 puerum
334 1514 478 1572 liberaret
538 1512 635 1574 Simul
669 1532 728 1572 vox
765 1512 910 1572 horrende
947 1515 1048 1574 audita
1085 1523 1130 1576 est

171 1608 334 1680 clamantis,
360 1609 436 1666 “En
455 1607 583 1666 latrones
602 1607 657 1680 illi,
679 1605 752 1683 quos
772 1607 886 1666 tamdiu
903 1607 978 1666 ferro
999 1608 1130 1687 ignique

171 1703 346 1778 sequimur.'’
398 1701 463 1776 Qua
489 1720 560 1760 voce
592 1700 688 1759 territi
720 1700 806 1759 ambo
844 1699 1030 1778 diffugerunt.
1085 1704 1129 1762 At
1195 1711 1196 1728 l

172 1794 309 1869 Glaucus,
348 1795 386 1853 ad
429 1793 584 1852 clamorem
625 1811 788 1866 conversus,
827 1800 948 1852 nautam
990 1796 1129 1871 cognovit

171 1888 318 1962 claudum,
330 1906 419 1965 quem
432 1906 533 1947 caecus
546 1887 597 1945 ille
612 1905 648 1945 ex
662 1885 791 1945 humeris
805 1885 946 1964 portabat
989 1888 1034 1948 Hi
1047 1890 1131 1949 eninr

169 1984 207 2042 de
232 1983 362 2043 consiliis
388 1982 535 2040 latronum
557 1978 691 2039 certiores
715 1980 787 2039 facti
810 1986 938 2057 tempore
960 1989 1128 2060 opportuno
1195 2044 1196 2049 χ

170 2078 302 2138 subsidio
316 2082 468 2135 venerunt

412 2228 481 2293 144
502 2209 569 2275 The
582 2159 788 2276 Ill-natured
797 2211 875 2293 Boy.

209 2333 300 2393 Haud
334 2332 435 2411 procul
462 2332 500 2390 ab
528 2350 562 2390 eo
590 2330 655 2389 loco
682 2329 836 2389 habitabat
863 2350 935 2407 puer
962 2331 1125 2409 improbus,

168 2414 287 2488 nomine
307 2427 394 2486 Nero.
438 2426 500 2485 Hic
517 2426 597 2496 clim,
613 2424 684 2483 dum
704 2443 756 2500 per
776 2443 858 2501 agros
875 2430 1006 2501 vagatur,
1021 2445 1126 2486 canem

167 2542 254 2582 suum
267 2521 304 2580 ad
318 2540 387 2581 oves
400 2520 541 2597 quasdam
554 2518 711 2590 vexandas,
727 2536 802 2593 quae
815 2518 848 2576 in
866 2524 948 2595 prato
969 2520 1126 2596 pasceban-

166 2623 224 2690 tur,
253 2615 396 2674 incitavit
440 2613 506 2688 Quo
534 2612 702 2689 perterritae
730 2630 830 2669 omnes
858 2612 1057 2689 diffugerunt:
1092 2620 1126 2672 at

166 2712 240 2769 aries
266 2728 398 2785 magnus,
423 2708 486 2766 dux
512 2706 615 2783 gregis,
638 2706 682 2763 iria
703 2710 808 2780 motus,
832 2724 922 2764 cornu
949 2706 992 2764 ita
1018 2707 1126 2766 acriter

166 2808 268 2863 canem
282 2804 376 2880 petiit,
391 2807 426 2861 ut
438 2801 464 2860 is
477 2799 598 2859 claudus
612 2799 773 2874 tristisque
786 2797 824 2857 ad
838 2799 990 2857 dominum
1003 2800 1122 2861 rediret.

167 2899 198 2958 N
200 2918 247 2957 ero
261 2904 367 2970 autem,
382 2915 474 2973 quum
494 2894 593 2971 paullo
606 2892 723 2969 longius
736 2890 774 2950 ab
788 2911 822 2951 eo
842 2892 905 2950 loco
927 2894 1124 2969 processisset,

166 3011 273 3069 parvae
286 2990 399 3068 puellae
413 2988 546 3061 occurrit,
558 3004 633 3062 quae
652 2985 862 3059 mulctrarium‚
877 2980 964 3047 niveo
978 2986 1055 3046 lacte
1069 2989 1126 3047 im·

166 3085 287 3162 pletum,
313 3101 427 3142 summo
454 3080 549 3157 capite
572 3078 715 3156 portabat.
769 3079 854 3138 Hanc
878 3098 951 3156 puer
973 3080 1126 3159 malignus

166 3179 277 3239 salvere
297 3177 395 3254 jussit
448 3172 575 3247 Deinde,
600 3190 693 3249 quum
706 3171 759 3230 illa
772 3172 972 3249 praeteriisset,
988 3173 1037 3233 hio
1055 3195 1125 3235 con-

165 3292 275 3345 versus,
291 3272 355 3347 ejus
374 3268 507 3345 vestigiis
526 3268 673 3343 ingressus
687 3271 738 3325 est
786 3265 922 3342 Denique
938 3267 1037 3327 subito
1058 3269 1125 3329 ictu

165 3365 367 3425 mulctrariur'n
380 3361 557 3434 deturbavit,
569 3364 599 3420 et
612 3359 738 3432 vultum,
750 3359 879 3436 capillos,
891 3365 1011 3436 vestem,
1023 3368 1125 3423 toturn

166 3478 270 3538 corpus
282 3444 408 3517 infelicis
422 3455 537 3535 puellae
550 3454 625 3513 lacte
639 3453 811 3517 madefecit..
906 3492 907 3499 ι
