2425 3850
451 245 728 314 luenslations.

356 577 362 590 '
387 593 457 657 130.
479 575 634 640 Mineral
647 575 798 659 Springs.

152 727 267 787 Moroio
287 728 442 788 Icenorum
462 729 524 806 regi
544 728 624 787 filins
637 734 698 789 eret
711 728 824 804 unicus,
840 729 967 806 ingenuo
984 729 1068 789 vultu

107 840 184 900 puer
204 822 402 899 moribusque
422 822 612 882 suavissimis.
655 822 745 881 Hune
766 827 865 881 temen
885 824 987 883 morbo
1007 843 1068 902 gre-

108 915 231 973 vissimo
252 915 389 974 effectum
409 922 492 992 pater
513 914 567 993 (sio
588 914 669 973 enim
688 914 767 991 leges
784 914 953 993 jubebunt),
976 935 1066 976 esuo

108 1027 199 1085 regno
220 1007 252 1066 in
273 1008 410 1067 exsilium
430 1010 561 1085 ejecersi
606 1008 682 1067 Inde
698 1008 826 1084 juvenis,
848 1011 927 1085 quod
940 1016 1067 1087 ¹urgento

107 1102 235 1176 carebat,
257 1121 311 1161 neo
331 1102 394 1161 ullo
417 1103 506 1162 modo
527 1103 620 1163 vitem
643 1104 787 1162 sustinere
810 1108 933 1180 poteret,
953 1110 1066 1165 vestem

109 1195 239 1255 mutavit
264 1197 382 1273 regium,
411 1216 581 1273 servusque
607 1197 712 1269 iactus,
740 1195 882 1272 agricolae
913 1197 1066 1274 eujusdam

108 1309 177 1349 sues
190 1290 334 1366 pssoebsi

150 1383 272 1442 essuos
286 1384 387 1462 paucis
400 1389 468 1462 post
481 1384 585 1444 diebus
599 1384 700 1443 eodem
714 1383 815 1442 morbo
829 1383 926 1442 offecti
940 1384 1065 1444 tabesco

108 1475 184 1536 bant
210 1477 275 1555 ipsi
332 1477 449 1537 Deinde
480 1497 560 1555 puer,
589 1478 670 1554 quod
696 1496 758 1536 rem
786 1477 931 1536 occultare
957 1479 1063 1554 voluit,

108 1575 206 1630 totum
220 1590 335 1648 gregem
348 1572 381 1630 in
395 1557 501 1630 silvam
516 1572 679 1630 densiorem
693 1570 759 1648 egil
803 1572 892 1629 Hune
902 1571 981 1644 olim,
992 1572 1064 1633 dum

106 1684 161 1742 per
180 1665 327 1742 regionem
348 1665 478 1743 ignotam
498 1671 582 1741 erret,
597 1665 739 1742 paludem
759 1664 881 1724 transire
902 1666 1061 1742 oportebat

108 1760 197 1836 Quod
217 1761 270 1821 ubi
282 1761 423 1822 viderunt
442 1780 517 1835 sues,
533 1779 634 1820 omnes
653 1779 714 1819 uno
735 1759 848 1838 impetu
868 1760 901 1819 in
921 1781 1011 1838 aquas
1031 1782 1063 1822 se

106 1854 261 1931 dejiciunt,
290 1854 398 1932 quibus
432 1855 515 1932 equis
548 1853 715 1913 salubribus
749 1855 935 1916 sanabantur.
986 1857 1063 1916 Puer

105 1949 199 2027 igitur
225 1968 291 2009 sues
309 1949 441 2009 imitatus
462 1968 618 2025 sanusque
638 1950 701 2026 ipse
727 1949 829 2021 faetus,
859 1950 1001 2027 oppidum
1028 1953 1063 2013 in

106 2062 142 2103 eo
154 2042 219 2103 loeo
233 2042 374 2118 condidit,
389 2062 464 2121 quse
477 2042 581 2120 Aquae
595 2042 673 2104 Solis
686 2047 804 2103 vocatos
818 2048 896 2103 sunt.
