2425 3850
433 254 711 324 Translations.
1010 257 1047 315 31

92 448 172 507 fame
192 448 327 525 languidi
347 469 409 508 sese
429 449 485 508 sub
504 449 607 508 arbore
627 449 779 525 dejiciunt
821 448 904 508 Mors
923 449 1052 525 benigna

92 540 226 601 celeriter
244 543 314 600 finit
333 543 454 616 labores,
476 562 530 601 nec
550 543 661 602 deerat
680 542 775 602 honor
794 542 929 619 sepulcri,
944 561 1050 618 parvae

93 635 175 693 enim
189 654 257 694 aves
271 655 389 712 corpora
402 635 557 694 frondibus
571 636 681 694 teneris
694 641 838 696 texerunt

326 893 377 955 44
408 875 439 938 T
434 875 474 938 lte
488 875 576 938 Rats
591 876 627 938 in
643 875 696 938 tte
710 876 813 939 Bam.

133 1025 206 1083 Erat
220 1024 291 1082 olim
304 1024 337 1083 in
351 1024 508 1084 Germania
521 1025 599 1084 mala
612 1024 711 1100 fames,
727 1024 829 1084 messis
839 1025 918 1084 enim
929 1044 963 1084 eo
973 1044 1051 1084 anno

92 1118 178 1177 nulla
209 1119 312 1178 iuerat.
366 1119 476 1196 Magna
505 1121 596 1196 igitur
623 1121 710 1178 turba
736 1120 848 1179 civium
874 1121 1007 1196 quotidie
1034 1139 1052 1179 a

92 1213 227 1291 principe
250 1232 356 1291 panem
379 1212 568 1272 vdhdmenter
591 1213 716 1289 petebat
759 1212 891 1272 Tandem
915 1213 1050 1290 precibus

94 1326 197 1365 eorum
210 1307 312 1380 lessus,
327 1309 462 1383 princeps
476 1307 601 1365 crudelis
618 1326 719 1365 omnes
738 1307 772 1364 in
792 1306 929 1366 horreum
948 1308 1052 1383 ingens

92 1405 171 1459 vana
192 1419 244 1477 spe
266 1400 325 1459 cibi
347 1401 474 1460 induxit
518 1401 593 1459 Mox
613 1400 666 1458 ubi
689 1401 826 1458 horreum
850 1399 971 1476 plenum
993 1400 1053 1458 fnit

92 1493 225 1551 flammas
246 1499 323 1552 tecto
337 1494 476 1566 admovit,
492 1501 522 1552 st
536 1512 637 1552 omnes
650 1493 688 1551 ad
702 1513 795 1553 unum
815 1494 932 1552 delevit
976 1494 1052 1553 Inda

91 1588 166 1646 dum
182 1586 358 1647 clamoribus
381 1589 549 1647 miserrimis
570 1593 601 1645 at
623 1586 736 1645 caelum
756 1591 787 1646 et
806 1592 883 1645 terra
902 1587 1051 1661 readnant,

93 1681 263 1754 “Audita''
282 1682 391 1757 inquit,
411 1683 567 1739 “murium
580 1681 761 1741 stridorem.''
802 1681 865 1739 Vix
879 1701 913 1739 ea
926 1681 1052 1754 dixerat,

93 1793 188 1851 quum
197 1794 300 1833 vocem
310 1795 447 1852 magnam
456 1775 577 1834 comites
587 1775 721 1834 audiunt
766 1777 785 1807 “
794 1774 837 1833 At
845 1776 940 1847 miser,
952 1776 1053 1852 paucis

92 1873 161 1947 post
174 1869 288 1945 diebus,
303 1869 393 1927 iidem
407 1888 503 1928 mures
517 1873 602 1929 tuum
616 1888 721 1946 corpus
735 1868 943 1930 devorabunt”

223 2102 273 2169 45.
303 2091 334 2154 T
330 2090 370 2152 lte
383 2090 471 2153 Rats
489 2090 524 2153 in
540 2088 593 2154 tlte
605 2090 701 2154 Barn
714 2088 923 2174 (continued).

135 2244 174 2301 In
188 2243 284 2301 medio
298 2243 404 2301 Rheno
414 2243 489 2302 forte
503 2263 537 2302 eo
551 2248 681 2320 tempore
694 2243 791 2303 stabat
800 2242 888 2301 turris
898 2243 1053 2317 altissima3

92 2338 152 2395 huc
167 2338 309 2413 princeps,
324 2338 389 2395 dira
402 2356 473 2396 voce
486 2339 664 2414 perterritus,
680 2338 758 2414 fugit
765 2358 776 2411 3
795 2336 873 2395 nihil
886 2336 966 2394 enim
978 2341 1054 2412 aqua

92 2431 188 2489 tutius
202 2430 299 2489 habet.
343 2430 402 2489 Hic
415 2450 510 2489 unum
523 2431 602 2489 dis'm
616 2431 752 2490 manebat
765 2435 856 2501 tutus,
872 2434 902 2487 et
915 2429 1038 2487 alterum
1045 2449 1054 2502 ;

92 2524 181 2582 tertia
190 2529 291 2582 tamen
302 2533 387 2582 nocte
398 2525 532 2583 custodes
546 2524 628 2582 mille
642 2524 750 2600 pedum
760 2523 903 2599 crepitum
917 2524 1050 2584 audiunt

92 2617 168 2676 Mox
188 2618 241 2676 ubi
265 2617 310 2676 sol
333 2619 428 2676 noctis
456 2617 574 2676 umbras
594 2617 718 2693 fugavit,
737 2618 866 2675 immane
885 2622 1054 2693 portentum

92 2712 206 2769 vident.
263 2710 426 2786 Utramque
454 2712 533 2769 enirn
558 2712 652 2787 ripam
675 2709 807 2767 fluminis
830 2710 1067 2769 innumerabilis

92 2805 223 2862 murium
256 2804 417 2862 multitudo
451 2804 585 2881 complet
649 2802 720 2862 Jam
752 2822 850 2861 mures
882 2804 916 2861 in
949 2823 1054 2879 aquam

93 2897 244 2971 desiliunt,
275 2898 447 2973 turrim-que
474 2902 588 2973 petunt.
645 2895 766 2955 Frustra
794 2897 929 2974 princeps
956 2904 1054 2973 portas

92 2991 302 3067 fenestrasque
317 2990 432 3049 obserat
440 3012 450 3064 3
470 2990 503 3049 hi
518 2992 597 3049 enim
618 2991 764 3049 scandunt
778 3010 884 3064 muros,
900 2991 945 3049 illi
961 2992 1054 3050 acutis

93 3084 234 3143 dentibus
247 3084 358 3161 ligneas
378 3090 476 3160 portas
497 3085 614 3143 rodunt.
657 3083 772 3142 Passim
792 3085 825 3141 in
846 3084 932 3142 aedes
951 3086 1053 3143 irrum-
1141 3142 1149 3157 ,

93 3184 181 3256 punt,
197 3183 227 3237 et
240 3179 372 3237 universi
385 3180 418 3235 in
432 3179 593 3255 principem
612 3177 890 3255 impdtumfsciunt
935 3179 1053 3237 Frustra
1084 3254 1089 3261 ¹

93 3273 120 3330 is
145 3272 216 3330 deos
238 3272 357 3332 invocat
377 3273 474 3346 iratos,
496 3272 629 3330 sexcenti
654 3273 734 3330 enim
758 3271 857 3331 hostes
881 3291 918 3331 ex
941 3273 1052 3331 ossibus

94 3370 195 3425 cutem
228 3366 383 3441 divellunt,
412 3370 443 3424 et
472 3366 597 3425 crudelis
631 3365 703 3427 facti
736 3366 896 3425 terribilem
930 3384 1050 3442 poenam
1157 3378 1160 3385 '

94 3458 225 3520 sumunt
