2425 3850
179 251 218 308 44
324 341 330 352 υ
517 250 795 319 manerem.

179 440 255 498 Tum
281 442 343 514 illa,
368 444 447 519 quod
470 446 534 520 jam
560 450 685 503 mortem
711 445 841 522 optabat,
869 445 909 504 ad
934 464 1045 522 cygnea
1072 446 1143 522 ipsa

178 536 302 607 natavit,
317 536 468 612 flexitque
482 544 571 615 eaput
583 538 623 596 ad
635 539 729 597 iatum
741 544 909 598 roatrorum.
952 540 995 596 At
1008 541 1142 598 attonita

178 646 262 686 suam
281 630 447 705 imaginem,
462 651 551 706 quam
570 651 647 708 aqua
665 632 817 705 reddebat,
831 633 932 707 vidit,
950 633 1140 709 audivit-que

178 741 280 780 vocem
289 741 452 799 puerorum,
458 726 510 801 qui
517 727 772 802 cygnumeaeteria
779 727 976 803 pulchriorem
983 727 1055 785 laeti
1063 729 1141 785 aoei-

178 817 307 892 piebant
349 818 509 878 Anaticula
522 821 601 878 enim
615 821 711 897 turpia
723 821 840 897 gracilia
853 840 966 898 cygnus
979 826 1121 880 eraserat

436 983 488 1062 63.
518 982 585 1046 The
603 982 637 1045 Τ
632 983 712 1046 ouclo
725 984 770 1065 os
781 984 873 1048 Gold.

217 1099 323 1173 Midas,
352 1122 404 1160 rer
435 1102 590 1179 Pbrygiae,
618 1104 699 1180 quod
732 1103 805 1162 olim
833 1104 949 1169 Baoobo
975 1103 1136 1181 placuerat,

176 1197 290 1271 egregio
303 1216 422 1255 munere
436 1217 454 1256 a
467 1198 523 1256 deo
537 1198 664 1257 donatus
678 1205 730 1257 eat
756 1198 916 1272 ‚“Delige,
930 1217 984 1256 rex
1003 1200 1138 1274 magne,''

175 1289 274 1364 inquit
295 1291 376 1363 dene,
400 1291 461 1350 “id
480 1291 560 1368 quod
580 1293 709 1350 maxime
728 1292 813 1368 eupia
822 1311 833 1364 ;
854 1292 910 1350 hoo
930 1292 988 1350 tibi
1006 1291 1138 1350 libenter

176 1382 280 1441 dabo.''
320 1385 395 1443 Tum
410 1385 457 1443 rir
476 1404 582 1445 avarus
594 1386 702 1444 mirum
717 1385 828 1444 donum
841 1385 1021 1461 impetravit,
1036 1386 1138 1443 omnia

176 1477 265 1548 enim,
280 1497 354 1553 quae
374 1498 428 1536 euo
448 1498 566 1556 corpore
586 1479 735 1556 tangebat,
749 1480 783 1538 in
804 1499 907 1537 aumm
927 1483 1042 1538 mutata
1054 1486 1134 1540 aunt

176 1569 319 1628 Protinus
333 1591 385 1629 rex
398 1571 493 1630 laetus
505 1572 614 1648 regiam
628 1572 748 1630 domum
768 1572 962 1648 percurrebat,
976 1590 1137 1648 manuque

175 1683 255 1734 oasa,
279 1683 403 1738 maneae,
428 1664 528 1740 lectos,
557 1666 657 1724 omnia
682 1666 830 1742 tangebat.
873 1665 950 1725 Inde
975 1665 1030 1724 ubi
1057 1665 1136 1724 nibil

175 1756 251 1832 ligni
274 1763 326 1816 aut
349 1759 462 1834 argenti
486 1760 518 1816 in
539 1759 662 1818 aedibus
681 1759 827 1832 manebat,
848 1759 957 1835 gratias
976 1778 1030 1835 pro
1049 1764 1135 1818 tanto

175 1849 317 1908 beneficio
331 1851 446 1910 Baeoho
460 1851 609 1930 persolvit
652 1851 782 1910 Tandem
795 1852 894 1910 labore
907 1852 1001 1911 faesus
1014 1871 1134 1910 ooenam

174 1945 279 2019 poerit,
302 1946 466 2023 avidieque
487 1946 580 2005 oeulis
600 1944 691 2023 dapea
710 1944 880 2023 splendidae
902 1945 1016 2005 lustrat.
1059 1946 1134 2005 Mox

176 2044 275 2096 tamen
288 2039 342 2097 ubi
356 2040 465 2116 pieoem
479 2039 517 2099 ad
537 2058 570 2099 oe
589 2038 737 2112 admovet,
752 2040 837 2098 oibue
856 2040 890 2098 in
909 2058 1012 2098 aurum
1032 2041 1133 2099 atatim

175 2137 307 2191 mutatus
320 2138 365 2191 eet
374 2153 383 2205 ;
403 2152 455 2191 rex
472 2133 569 2209 igitur,
585 2133 671 2209 eujua
690 2133 724 2191 in
743 2132 878 2191 faucibus
889 2132 984 2209 rigide
996 2132 1134 2191 haerebat

175 2244 278 2299 massa,
293 2226 397 2285 vinum
411 2227 524 2303 poeoit;
544 2226 624 2287 idem
637 2226 745 2287 evenit
781 2226 913 2284 Tandem
927 2246 980 2285 rex
993 2228 1132 2300 eauriens,

176 2320 255 2394 quod
276 2319 352 2378 nihil
372 2339 425 2379 neo
446 2319 560 2391 edebat,
581 2340 636 2380 neo
657 2320 778 2378 bibebat
798 2319 998 2397 compluribus
1018 2319 1130 2392 diebus,

176 2414 313 2472 maximia
337 2414 472 2491 precibus
496 2414 645 2474 Bueobum
670 2420 741 2473 orat
784 2412 861 2472 Inde
885 2433 951 2472 oum
976 2415 1038 2472 risu
1059 2414 1131 2473 deus

175 2508 266 2568 fatale
279 2509 390 2567 donum
403 2514 527 2569 amovet

428 2673 480 2752 64
506 2670 573 2735 Tlre
589 2670 766 2753 Gossiping
782 2669 885 2734 Trees.

218 2792 327 2870 Apollo
340 2792 421 2866 olim,
433 2810 537 2851 ourvae
550 2791 632 2869 lyrae
645 2792 791 2863 inventor,
803 2809 871 2849 oum
885 2788 991 2867 Satyro
1005 2790 1130 2867 quodam

178 2891 531 2951 dearteeuideoertabat
574 2889 706 2948 Tandem
716 2889 793 2947 tenti
803 2888 970 2947 certaminia
978 2888 1129 2947 arbitrium

177 2985 264 3045 ambo
284 2985 322 3044 ad
342 2984 457 3043 Midam
477 3002 574 3060 regem
594 2982 646 3062 (de
666 3001 726 3058 quo
745 3000 833 3058 aupra
856 2980 1128 3060 demonatravimua)

178 3079 392 3138 commiserunt
436 3078 502 3136 Rex
512 3084 620 3149 autern,
631 3077 684 3152 qui
693 3094 830 3134 numeroa
839 3073 960 3133 omnino
970 3074 1126 3151 ignorabat,

176 3179 331 3250 poatquam
355 3172 483 3231 carmina
506 3170 670 3247 utriusque
692 3168 853 3241 audiverat,
875 3167 981 3245 Satyro
1005 3169 1127 3245 palmam

178 3268 267 3327 dedit
311 3267 393 3325 Deue
413 3266 511 3343 igitur,
526 3264 581 3323 tali
600 3264 729 3323 etrrltitii.
750 3264 851 3337 iratus,
866 3262 957 3339 capiti
969 3263 1045 3339 regia
1057 3264 1128 3323 aaini

177 3380 260 3419 auree
286 3360 388 3419 affixit
443 3360 519 3417 lum
549 3376 602 3417 rex
630 3356 771 3416 callidum
799 3356 955 3415 eonsilium
981 3359 1129 3434 oonoapit;

176 3454 288 3531 regium
309 3454 386 3512 enim
407 3458 554 3511 teneorem
575 3450 689 3522 aseivit,
703 3450 788 3526 oujue
808 3452 895 3526 operi
907 3467 994 3508 auum
1008 3449 1127 3511 dedeoua
