2425 3850
439 244 722 313 uranslauons.
1023 245 1062 305 85

105 464 180 520 qnae
207 445 330 504 summis
356 445 443 508 modo
470 445 558 506 ramis
585 447 762 524 dependent,
787 452 959 506 mercatores
983 445 1063 506 haud

102 538 191 597 facile
215 540 347 615 carpunt,
373 539 452 615 qnod
475 540 551 599 levis
575 540 685 600 arboris
713 545 834 600 truncus
862 539 980 599 ascendi
1003 559 1065 599 non

103 637 209 709 potest
253 633 343 692 Hunc
363 638 462 692 tamen
482 634 602 693 modum
624 633 808 693 invenerunt
853 633 969 706 Simiae,
989 653 1063 709 quae

101 724 247 802 plurimae
270 726 360 785 silvas
384 727 495 800 colunt,
516 728 596 787 saxis
616 731 745 787 vexant:
781 726 970 803 quamobrem
993 726 1062 786 illae

100 820 193 879 iratae
207 839 297 879 nuces
310 821 347 880 ab
362 822 515 881 arboribus
529 822 659 899 direptas
673 821 705 880 in
723 827 895 880 mercatores
908 821 1060 898 dejiciunt.

101 911 198 971 Sinon
226 914 353 973 nucibus
379 915 482 974 multis
510 917 632 992 potitus,
661 920 833 974 mercatores
867 915 966 974 simias
999 916 1062 992 ipse

100 1012 218 1084 captare
237 1008 344 1068 docuit
389 1008 482 1068 Jnssu
502 1010 566 1085 ejus
592 1028 662 1068 vasa
689 1009 832 1085 quaedam
855 1028 947 1085 aquae
974 1009 1062 1085 plena

99 1101 139 1160 ad
153 1100 227 1160 imas
241 1102 356 1162 arbores
370 1103 571 1175 admovemnt‚
587 1103 696 1178 quibus
709 1103 741 1160 in
755 1103 833 1161 vasis
847 1107 951 1161 maniis
965 1103 1060 1160 multo

99 1195 447 1272 cumiragorelavabant.
490 1196 758 1255 Indevasaeadem
768 1195 1061 1273 nigripicecomple-

97 1294 215 1362 verunt,
238 1290 499 1366 discesserunt-que
519 1309 536 1348 e
558 1290 630 1349 loco.
675 1289 784 1350 Simiae
804 1295 903 1348 autem
924 1288 1059 1347 homines

98 1400 137 1439 ex
151 1384 363 1442 consuetudine
376 1384 516 1456 imitatae,
531 1384 585 1442 ubi
597 1403 703 1443 manus
716 1384 749 1441 in
762 1403 833 1443 vasa
845 1383 1058 1460 imposuerunt,

97 1475 164 1552 pice
177 1482 307 1536 retentae
320 1477 406 1537 facile
419 1483 581 1556 captantur.

271 1786 339 1853 127.
366 1772 399 1835 Τ
395 1770 435 1835 lte
448 1769 639 1854 Elephant's
653 1770 881 1853 Burial-place.

139 1929 230 1991 Haud
250 1933 378 1993 multum
398 1935 436 1994 ab
457 1954 491 1994 eo
511 1934 576 1996 loco
596 1954 720 2012 magnus
740 1954 810 2011 grex
833 1933 1055 2011 elephantorum

95 2030 206 2088 teneris
225 2029 379 2089 frondibus
400 2030 578 2108 pascebatur.
623 2030 688 2105 Quo
709 2030 776 2091 visu
797 2029 950 2107 perterriti,
967 2024 1055 2101 ceteri

95 2124 130 2182 in
150 2123 250 2200 fugam
270 2143 300 2183 se
321 2125 474 2200 dederunt,
497 2124 592 2186 Sinon
613 2131 720 2199 tamen,
736 2144 804 2183 arcu
824 2129 960 2196 armatus,
976 2128 1055 2200 post

95 2236 184 2294 quam
205 2218 238 2276 in
251 2218 383 2278 arborem
402 2220 579 2294 ascenderat,
594 2219 736 2279 celeribus
756 2218 870 2296 sagittis
891 2217 1054 2276 maximum

95 2330 135 2369 ex
148 2310 313 2389 elephantis
326 2313 481 2372 interfecit.
524 2313 553 2373 A
573 2313 780 2372 mercatoribus
794 2312 891 2389 igitur,
907 2311 959 2386 qui
980 2309 1054 2369 ebur

94 2404 217 2463 maximi
237 2403 401 2479 aestimant,
424 2407 509 2466 donis
529 2412 665 2465 oneratus
686 2411 738 2464 est.
781 2404 857 2463 Inde
878 2402 982 2475 Sinon,
1003 2403 1052 2461 oui

96 2499 220 2556 divitiae
241 2499 372 2558 animum
393 2499 580 2573 addiderunt,
602 2498 751 2575 quandam
770 2498 804 2556 in
824 2496 962 2567 arborem,
979 2514 1054 2571 quae

92 2592 183 2668 juxta
210 2612 332 2669 parvum
361 2594 458 2653 lacum
485 2594 639 2667 crescebat,
668 2592 835 2669 saepissime
866 2589 1049 2650 ascendebat.

97 2686 163 2761 Quo
171 2686 293 2745 consilio
307 2688 468 2764 complures
481 2687 629 2746 interfecit
643 2687 825 2765 elephantos,
841 2705 914 2763 quos
928 2685 1053 2745 bibedin

96 2783 183 2839 cauea
203 2799 270 2838 eum
290 2780 388 2839 locum
408 2782 488 2841 adire
508 2781 669 2859 oportebat.
712 2780 810 2839 Tertio
830 2786 930 2839 tamen
943 2798 1051 2854 mense,

97 2872 257 2951 elephanti,
272 2875 380 2950 quibus
400 2895 506 2952 aquam
526 2877 589 2935 sine
609 2875 699 2934 noxia
720 2873 799 2933 adire
812 2893 873 2932 non
886 2873 1002 2946 licebat,
1021 2874 1054 2932 in

97 2965 239 3026 Sinonem
265 2969 396 3028 universi
422 2971 566 3047 impetum
586 2969 727 3040 fecerunt,
749 2967 924 3044 crebrisque
945 2968 1054 3028 ictibus

95 3064 189 3140 ipsam
198 3062 332 3122 arborem
340 3062 658 3123 radicituserellerunt
692 3062 768 3131 Inde
777 3062 873 3121 virum
882 3064 1051 3143 attonitum,

94 3163 276 3232 mortemque
289 3160 500 3233 expectantem,
515 3156 548 3215 in
562 3163 676 3233 tergum
693 3156 859 3215 sublevavit
872 3157 935 3215 dux
948 3157 1051 3236 gregis,

94 3252 250 3329 longe-que
263 3270 315 3327 per
328 3250 418 3310 silvae
435 3251 473 3310 ad
495 3270 562 3310 eum
582 3252 679 3309 locum
695 3250 833 3327 portavit,
848 3269 907 3327 quo
921 3250 1054 3326 sepulcro

94 3345 247 3423 elephanti
270 3330 437 3405 utebantur.
481 3346 576 3406 Sinon
600 3346 703 3423 igitur,
724 3345 779 3421 qni
807 3362 846 3403 ex
868 3344 992 3403 mortuis
1013 3345 1058 3404 ele

97 3438 221 3520 phantis
234 3438 304 3498 satis
319 3438 414 3500 eboris
427 3442 540 3517 potitus
553 3443 607 3513 aet,
622 3439 700 3499 vivis
713 3438 834 3516 posthac
848 3436 993 3515 parcebat
