2425 3850
441 253 721 321 Translations.
1020 255 1059 315 2⁷

101 467 164 507 non
173 447 264 522 videt,
276 449 327 508 sed
341 448 472 526 nudique
486 469 625 525 cruorem,
637 449 717 509 foedi
730 448 896 508 certaminis
906 448 1057 508 indicium.

101 541 211 601 Statim
223 561 306 602 caeco
314 542 410 601 furore
422 562 532 616 canem,
543 543 614 602 mali
624 549 779 615 auctorem,
787 541 888 620 ιῙῖιαῆΙο
898 527 1058 618 transfudit.

100 635 238 698 Gelertus
252 656 320 696 cum
333 639 444 714 gemitu
458 642 594 715 exspirat
639 636 736 697 Simul
742 637 886 695 dominus
900 636 933 694 in
946 653 1060 695 recessu

100 731 219 792 aedium
246 731 392 792 infantem
409 733 500 806 uidet,
516 731 632 791 salvum
653 737 741 808 atque
761 730 946 790 incolumem.
1000 729 1060 789 Sed

100 825 182 885 haud
209 826 311 903 procul
332 826 370 884 ab
394 847 428 886 oo
448 826 514 885 loco
531 825 649 902 jacebat
668 825 773 900 ingens
797 824 894 902 lupus.
947 823 1060 882 Fidelis

101 919 181 978 enim
196 926 293 979 custos
307 921 399 979 uitam
413 920 536 979 infantis
551 919 594 978 ita
606 925 779 980 servaverat.

437 1155 487 1221 37.
515 1137 583 1203 Tse
599 1137 721 1219 Gossip.

142 1275 215 1334 Erat
240 1275 359 1334 Timoni
386 1295 461 1334 uxor
490 1275 614 1352 garrula.
671 1274 752 1335 Haec
786 1272 945 1350 aliquando
980 1273 1060 1350 apud

98 1369 240 1428 feminam
264 1370 391 1427 vicinam
413 1369 560 1428 coenabat.
614 1366 678 1426 Diu
701 1366 807 1426 Timon
830 1385 951 1428 uxorem
975 1385 1058 1425 suam

97 1463 208 1522 frustra
235 1468 462 1540 exspectaverat.
517 1462 650 1520 Tandem
683 1462 775 1520 iratus
802 1461 918 1519 aedium
945 1466 1059 1537 portam

99 1557 224 1629 obserat,
239 1562 269 1615 et
290 1558 365 1634 petit
386 1556 490 1616 cirbile.
534 1556 609 1615 Mox
629 1564 729 1614 tamen
749 1573 824 1613 uxor
836 1553 929 1612 redux
950 1553 1059 1612 ostium

100 1650 289 1710 vehementer
308 1650 413 1727 pulsat.
466 1650 584 1727 “Aperi
604 1649 735 1708 celeriter
754 1648 895 1725 portam,''
916 1646 1061 1704 exclamat

99 1743 160 1817 illa,
173 1748 191 1776 ‘¹
201 1763 299 1803 nonne
308 1746 409 1803 uxoris
418 1750 486 1804 tuae
494 1763 594 1803 vocem
604 1742 724 1801 audisT'
754 1741 1061 1818 “Minime,''respon-

100 1838 147 1897 dit
161 1858 198 1897 ex
212 1838 303 1898 cubili
318 1840 454 1898 dominus
465 1859 473 1912 ;
494 1841 556 1897 “tu
576 1857 636 1896 nou
658 1856 722 1896 mea
741 1855 817 1895 uxor
836 1855 875 1908 es,
890 1854 944 1893 nec
957 1854 1059 1894 vocem

100 1940 183 1992 tuam
197 1952 356 2011 cognosco;
377 1953 441 1993 mea
455 1934 533 1992 enim
547 1951 622 1992 uxor
631 1934 695 2009 jam
708 1950 823 1992 mecum
836 1929 950 1989 cubat''

330 2131 379 2210 38.
410 2131 441 2194 Τ
436 2130 476 2193 lu
493 2130 609 2212 Gossip
625 2127 832 2215 (continued).

142 2272 206 2332 Diu
230 2273 341 2333 femina
367 2292 466 2350 preces
494 2273 681 2352 producebat,
707 2273 760 2333 sad
786 2272 912 2350 frustra;
940 2271 1061 2332 tandem

101 2370 205 2431 dolum
225 2370 353 2446 parabat.
398 2369 494 2427 “Nisi
514 2369 574 2442 tu‚''
589 2370 696 2444 inquit,
713 2373 853 2445 “portam
873 2369 992 2447 aperies,
1008 2386 1061 2443 ego

100 2466 135 2523 in
169 2463 224 2522 hoc
252 2463 361 2522 flumen
389 2463 547 2524 desiliam.''
599 2462 697 2523 Simul
726 2463 758 2521 iu
786 2482 890 2540 aquam
921 2480 1060 2539 magnum

100 2556 231 2634 lapidem
251 2556 392 2632 devolvit,
415 2562 444 2615 et
464 2576 526 2615 sese
546 2575 606 2615 nou
627 2556 729 2634 procul
749 2555 839 2615 abdit.
883 2557 939 2615 Vir
962 2556 1063 2615 sonitu

101 2654 223 2713 territus
243 2653 351 2711 ostium
372 2654 474 2729 aperit,
496 2650 699 2729 prdpirat-que
719 2651 757 2710 ad
777 2652 879 2729 ripam.
922 2652 1063 2711 Protinus

101 2747 240 2824 irrumpit
261 2748 293 2805 in
307 2746 392 2805 aedes
406 2766 487 2820 uxor,
508 2747 690 2821 obseretque
711 2750 831 2822 portam.
875 2746 996 2805 Frustra
1015 2747 1064 2805 vir

101 2838 211 2899 infelix
225 2840 333 2898 ostium
354 2840 453 2916 pulsat
461 2860 471 2914 ;
494 2843 511 2871 ‘⁶
521 2836 672 2913 Disceds,”
686 2838 785 2914 inquit
799 2858 881 2916 uxor,
897 2842 916 2873 “
925 2846 959 2899 tu
973 2839 1061 2913 enim,

102 2944 139 2997 ut
151 2938 216 3014 ipse
229 2936 341 3010 dixisti,
356 2955 418 2995 non
432 2956 462 2995 es
476 2955 558 2995 meus
568 2936 705 3012 conjux''

361 3152 410 3223 39.
438 3139 469 3202 T
466 3138 506 3203 lte
521 3140 549 3206 S
551 3140 617 3223 iege
629 3141 672 3223 os
683 3138 802 3207 Calais.

145 3268 302 3330 Eduardus
336 3268 415 3343 olim,
451 3288 504 3328 rex
538 3269 756 3344 Britannorum,
790 3268 892 3329 urbem
920 3268 1065 3328 Galllcem

103 3363 300 3441 oppugnabat
344 3362 408 3421 Diu
421 3362 535 3421 incolae
548 3363 698 3440 copiarum
712 3363 788 3440 regis
801 3363 945 3439 impetum
959 3367 1065 3439 magns

104 3477 174 3518 curn
187 3458 298 3516 virtute
311 3456 519 3518 sustinuerant.
562 3456 702 3529 Tandem,
717 3457 772 3516 ubi
790 3456 868 3515 nihil
888 3457 949 3516 cibi
968 3461 1065 3534 super-
