2425 3850
441 251 717 320 Translatione.

289 583 437 645 PIECES
458 583 540 644 FOR
560 580 863 642 TRANSLATION.

140 726 209 792 Ἡιθ
224 726 389 811 following
402 733 459 791 ten
473 725 579 810 pieces
597 724 724 808 nequire
738 744 758 788 a
771 721 960 807 knowledge
978 721 1055 785 oi·-

181 857 225 939 (a)
245 859 438 937 ¹Comparieon
452 859 485 919 of
495 859 667 936 Adjectivea
682 855 860 937 (Irregular).

181 975 223 1054 (b)
245 974 412 1034 Indicative
465 975 588 1036 Paeeive
616 974 650 1033 of
670 975 722 1033 the
749 972 842 1032 Third
862 971 921 1031 and
940 971 1055 1030 Fourth

244 977 457 1148 Imperative}
507 1067 728 1146 conjugatione

349 1266 401 1330 61.
430 1265 460 1328 T
457 1263 496 1328 hc
516 1263 603 1348 Ugly
618 1263 794 1346 Duckling.

139 1419 258 1497 Ingenti
269 1419 426 1496 aliquando
434 1420 541 1496 gaudio
550 1418 773 1496 complebantur
780 1415 892 1475 incolae
901 1415 1055 1493 enjusdam

94 1513 192 1587 fundi,
202 1513 313 1590 gallina
321 1513 400 1572 enim
411 1533 449 1572 cx
458 1514 522 1572 ovis
531 1513 630 1590 pullos
640 1531 734 1589 nuper
744 1511 912 1570 excluserat
950 1510 1054 1570 Unum

93 1615 196 1667 tamen
210 1627 248 1666 cx
261 1605 333 1680 ovis,
346 1607 426 1683 quod
438 1607 577 1684 grandius
588 1611 650 1664 crat
660 1606 787 1680 caeteris,
800 1604 895 1663 adhuc
906 1604 1054 1681 integrum

94 1699 242 1761 manabat.
279 1700 355 1759 l'um
370 1717 453 1777 pavo,
464 1701 516 1776 qui
530 1699 676 1758 maximus
690 1704 762 1757 natu
777 1704 838 1757 erat
851 1697 993 1769 omnium,
1007 1696 1055 1754 hia

94 1793 196 1853 verbio
233 1792 373 1870 gallinam
414 1792 560 1854 admonet.
619 1792 717 1851 “Jam
757 1791 828 1850 satia
866 1789 1056 1864 laboraviati;

95 1886 218 1947 tandem
231 1885 339 1946 inutile
359 1886 440 1945 istud
461 1904 551 1945 ovum
572 1885 698 1946 decere.”
740 1885 783 1944 At
796 1883 906 1962 gallina
919 1884 1057 1962 pertinax

95 1982 255 2041 consilium
269 1982 393 2059 pavonis
406 2000 467 2039 non
480 1981 574 2055 audit,
591 1981 768 2057 multaeque
784 1980 854 2039 inde
868 1980 931 2038 dica
945 1979 977 2037 in
991 1978 1055 2037 loco

95 2081 204 2134 manet.
248 2074 386 2151 Denique
405 2080 474 2151 poet
493 2080 612 2133 tantum
630 2075 759 2133 laborem
774 2074 851 2151 parit
864 2072 988 2149 pullum,
1004 2072 1056 2148 qui

95 2176 224 2229 caeteros
235 2168 439 2247 magnitudine
449 2169 569 2246 quidam
580 2169 709 2246 corporis
719 2170 883 2246 superabat,
895 2168 947 2226 aed
960 2168 1056 2245 specie

95 2272 127 2325 et
150 2266 245 2325 forma
267 2266 353 2343 longe
374 2266 495 2324 inferior
514 2265 671 2325 videbatur
681 2287 689 2340 ;
713 2285 782 2324 nam
803 2270 886 2325 erant
906 2266 934 2324 ei
954 2270 1054 2342 turpes

94 2360 193 2437 pedes,
210 2360 338 2419 deforme
352 2379 465 2438 corpus,
481 2360 590 2419 collum
604 2362 764 2438 procorum.

241 2631 294 2695 62.
324 2630 354 2693 T
351 2630 391 2695 he
410 2629 495 2713 Ugly
509 2627 681 2713 Duckling
695 2626 900 2713 (continued).

137 2794 198 2854 Diu
226 2794 257 2852 in
286 2794 342 2853 hoc
369 2793 463 2851 fundo
491 2792 638 2851 anaticula
664 2792 760 2868 turpia
784 2791 877 2851 vitam
903 2791 1052 2851 infelicem

93 2887 199 2966 agebat
209 2894 225 2961 ;'
244 2904 331 2946 nemo
356 2886 436 2945 enim
460 2886 488 2945 ci
512 2885 638 2945 favebat
683 2885 818 2947 Gallinae
842 2886 962 2962 quidem
985 2906 1052 2946 cum

94 2981 259 3061 pavonibus
273 2982 407 3040 mineram
421 2980 569 3039 volucrem
590 2979 775 3056 spemebant‚
791 2981 870 3056 qnod
892 2999 997 3057 aquam
1010 2981 1054 3038 ita

94 3074 212 3135 amavit
256 3072 369 3133 Anitea
388 3079 487 3133 antem
507 3078 537 3131 et
557 3092 673 3133 anactea
694 3073 775 3132 duria
795 3074 896 3133 contria
909 3073 1053 3133 odvinam

94 3172 148 3227 aui
160 3170 236 3244 aqua
250 3166 443 3243 depellebant
488 3165 619 3224 Tandem
639 3171 749 3225 maesta
765 3170 796 3224 ct
808 3165 915 3225 infelix
928 3186 946 3224 a
958 3166 1053 3225 fundo

93 3262 127 3321 in
157 3260 255 3320 locum
289 3260 436 3321 desertum
471 3260 582 3337 effugit,
612 3263 670 3336 qua
704 3260 765 3319 cola
799 3265 892 3319 totam
926 3259 1053 3319 hiemem

93 3355 254 3417 habitabat.
297 3354 341 3414 At
354 3374 421 3415 vera
442 3374 520 3415 novo
537 3355 575 3414 ad
589 3353 686 3413 lacum
700 3354 828 3428 advenit,
844 3355 877 3413 in
891 3372 949 3431 quo
963 3353 1052 3413 multi

94 3451 182 3529 cygni
201 3449 350 3509 natabant
394 3448 452 3509 flu
476 3448 535 3509 duo
559 3448 643 3526 pueri
666 3449 760 3509 inuata
784 3448 869 3525 panis
889 3447 1049 3524 jactabant.
1105 3446 1111 3463 “
