2425 3850
431 227 706 300 Translations.
907 267 913 278 ·
1008 233 1047 291 33

60 489 64 501 ,
89 425 236 484 tatoribus
259 424 315 484 hoc
342 424 430 484 modo
454 425 599 485 laudabat
645 426 811 499 “Nonne''
833 426 941 503 inquit,
968 427 986 458 “
995 444 1048 484 rex

89 538 204 596 magne,
220 524 250 577 et
263 537 341 578 mare
354 524 472 577 vastum
485 526 515 577 et
529 520 634 578 celeres
648 521 731 579 venti
746 525 798 578 tua
811 521 950 578 mandata
968 539 1049 596 pera·

88 613 208 690 guntl''
249 613 315 671 Rex
329 613 407 672 nihil
422 612 581 690 respondit,
597 613 650 671 sed
669 619 785 690 postero
805 614 862 689 die,
873 615 960 690 jussu
973 615 1047 689 ejus,

89 708 168 766 servi
195 707 234 766 ad
259 707 331 767 litus
358 708 537 766 maritimum
565 708 672 766 solium
704 708 863 768 deducunt.
920 709 959 768 In
992 707 1048 767 hoc

88 806 298 860 assentatorem
310 801 396 873 locat,
411 807 442 860 et
454 803 518 878 ipse
531 802 565 859 in
578 821 651 878 rupe
668 807 728 860 stat
747 803 917 878 propinqua
961 803 1049 860 Forte

88 901 189 954 aestus
204 914 243 954 ex
261 894 321 954 alto
335 914 366 954 se
379 896 527 954 incitabat
570 895 648 954 Tum
667 915 728 969 rex,
745 896 924 968 “Recurre,”
940 896 1048 971 inquit,

91 994 200 1048 “mare
220 990 376 1065 superbum
386 1010 395 1063 3
415 1007 514 1047 nonne
527 993 562 1047 tu
575 1007 658 1048 meus
679 1008 780 1048 servus
793 991 842 1048 est
879 989 940 1049 Cur
959 990 1050 1065 igitur

89 1084 137 1142 tui
158 1082 264 1142 fluctus
284 1083 407 1142 audaces
428 1102 525 1141 meum
546 1082 653 1141 solium
672 1083 715 1141 ita
728 1083 886 1142 violantt''
923 1072 1050 1143 'Fluctus

89 1183 190 1235 tamam
204 1177 287 1235 surdi
299 1177 438 1236 mandata
450 1177 529 1252 regia
541 1196 603 1235 non
617 1177 783 1252 audiebant,
795 1178 848 1235 sed
860 1196 892 1236 se
905 1177 938 1237 in
951 1178 1047 1254 ipsum

89 1271 199 1330 solium
219 1271 348 1331 illidunt
392 1272 468 1330 Tum
487 1289 549 1343 rex,
566 1270 691 1329 “Nemo
710 1271 770 1330 nisi
791 1271 872 1330 Deus
891 1271 1047 1348 imperium

89 1365 179 1424 maris
192 1364 300 1424 tenet.''

290 1595 341 1659 49.
365 1575 462 1641 Rollo
477 1579 549 1640 and
559 1577 612 1641 tae
632 1577 710 1640 Two
727 1577 844 1642 Sticks.

132 1729 224 1806 Apud
247 1729 372 1788 Graecos
395 1730 548 1805 scriptores
571 1730 627 1787 hoc
652 1730 820 1789 invenimus
848 1731 885 1789 da
912 1730 1046 1807 Rollone,
1087 1716 1090 1720 ¹
1155 1789 1158 1794 .

89 1843 162 1883 cane
186 1823 381 1882 callidissimo.
425 1823 574 1898 Magister,
595 1823 666 1881 dum
686 1823 749 1900 ipse
774 1824 914 1907 ambulat,
936 1844 1050 1902 semper

88 1918 158 1977 cani
172 1917 272 1977 comiti
286 1917 446 1996 scipionem
460 1937 546 1976 suum
560 1923 694 1977 sumtum
707 1919 916 1979 committebat
960 1918 1050 1980 Hunc

89 2012 180 2071 Rollo
194 2012 319 2088 superbo
333 2030 382 2070 ora
399 2030 451 2088 per
464 2012 544 2070 vicos
557 2013 681 2087 gerebat
724 2013 894 2089 Aliquando
914 2016 1051 2091 magister

89 2124 143 2181 pro
158 2105 288 2181 scipione
301 2109 401 2163 aurato
414 2104 553 2162 baculum
567 2106 659 2163 sumit
671 2106 811 2181 ligneum,
823 2107 914 2166 altero
924 2109 1047 2186 turpius

90 2198 158 2256 Hoc
171 2216 251 2257 more
265 2215 318 2256 suo
332 2198 397 2255 caui
411 2197 575 2257 committit.
618 2198 662 2255 At
682 2199 779 2273 Rullo,
795 2206 914 2277 propter
932 2206 1050 2259 tantum

89 2291 218 2350 dedecus
227 2291 327 2363 iratus,
339 2290 392 2348 diu
401 2290 531 2349 laborem
543 2297 664 2355 recusat
707 2292 839 2352 Tandem
851 2293 905 2351 ubi
914 2295 1051 2370 magister

88 2384 230 2443 baculum
253 2384 330 2442 inter
353 2384 455 2442 dentes
479 2384 610 2456 inseruit,
632 2386 713 2443 canis
733 2406 750 2444 e
770 2392 928 2463 conspectu
951 2387 1050 2447 subito

89 2477 189 2555 frigit3
217 2476 300 2535 brevi
323 2483 421 2535 tamen
445 2477 483 2535 ad
506 2478 678 2553 magistrum
702 2478 766 2537 sine
791 2479 896 2537 baculo
919 2480 1048 2539 recurrit

89 2572 162 2629 Tres
186 2571 256 2629 inda
279 2589 393 2628 menses
420 2571 556 2645 magister
580 2572 689 2629 frustra
715 2571 853 2631 baculum
877 2573 1052 2648 quaerebat3

92 2669 197 2741 quarto
211 2672 311 2722 tamen
323 2682 422 2721 mense
436 2663 508 2722 dum
522 2665 599 2723 servi
618 2665 721 2723 fimum
735 2685 773 2723 ex
786 2665 909 2725 stabulis
922 2667 955 2725 in
968 2687 1051 2744 agros

90 2763 300 2834 transportant,
315 2757 454 2816 baculum
467 2758 522 2816 sub
536 2759 655 2834 ingente
668 2758 732 2816 fimi
744 2778 846 2818 acervo
859 2760 1024 2821 inveniunt

421 3015 469 3082 50.
492 3003 624 3067 Buried
633 3004 727 3069 alive.

130 3154 179 3213 De
193 3154 295 3213 eodem
305 3153 431 3214 Rollons
445 3155 526 3214 aliud
540 3160 570 3214 et
584 3156 747 3216 mirabilius
759 3158 935 3220 invenimus.
971 3160 1054 3237 Mag·

89 3266 147 3307 nus
161 3246 282 3306 anitum
301 3266 371 3323 grex
385 3249 418 3307 in
431 3248 496 3307 lacu
514 3249 642 3307 finitimo
657 3249 785 3311 natabat
829 3252 943 3310 Harum
963 3271 1052 3312 unam

89 3342 172 3401 canis
185 3342 259 3400 miro
273 3360 370 3401 amore
386 3342 513 3402 fovebat
558 3342 652 3420 Saepe
667 3346 752 3420 jussu
766 3346 897 3422 magistri
910 3347 986 3405 hanc
1000 3368 1053 3407 suo

89 3456 138 3496 ore
152 3435 241 3496 etiam
255 3435 293 3495 ab
307 3434 446 3496 ulteriore
466 3437 597 3513 margine
617 3436 698 3497 lacius
717 3438 755 3496 ad
775 3439 865 3518 pedes
881 3440 946 3515 ejus
959 3460 1054 3517 repor-

132 3540 273 3589 carnarum]
561 3534 580 3582 0
