2425 3850
508 220 786 290 Transletions

474 547 526 615 79.
554 491 622 595 Tae
634 529 820 614 Hedgeltog.
872 558 875 564 ·

211 685 303 763 Apud
323 685 415 745 Indos
435 685 524 744 multi
540 689 612 744 sunt
631 688 788 760 serpentes,
804 683 856 759 qui
869 683 947 742 inter
966 703 998 742 se
1018 682 1135 760 magni·

170 779 275 838 tudine
299 783 330 838 et
352 779 449 856 speeie
472 778 558 856 longe
581 777 738 836 dissimiles
763 782 853 851 sunt3
873 777 925 835 elii
948 777 1029 836 enim
1050 782 1133 835 totas

171 873 262 934 boves
276 873 412 932 devorare
426 872 522 932 solent
530 893 540 948 ;
560 871 622 945 alii,
637 872 689 947 qui
703 889 796 929 unum
812 871 900 930 modo
921 870 1027 948 pedem
1047 870 1134 948 longi

171 971 251 1039 sunt,
276 965 386 1025 vulnus
413 970 513 1024 tamen
539 965 722 1024 mortiferum
746 965 815 1023 dare
842 970 974 1041 possunt
1027 963 1133 1023 Judex

172 1059 300 1136 quidem,
313 1059 364 1136 qni
378 1060 411 1117 in
424 1059 485 1118 illis
497 1058 666 1135 regionibus
677 1057 838 1130 habitabat,
851 1057 922 1116 dnm
936 1077 1022 1116 mane
1036 1058 1133 1116 soleas

170 1151 278 1226 induit,
293 1152 384 1210 altero
398 1152 472 1228 pede
492 1151 553 1210 levi
572 1157 683 1227 puncto
697 1151 877 1211 vulneratur.
920 1151 1084 1228 Extemplo
1098 1151 1133 1224 is,

172 1245 260 1304 homo
271 1245 515 1322 promptissimus,
527 1244 601 1322 pede
612 1243 742 1320 pulsavit
752 1244 884 1320 humum,
897 1250 927 1305 et
937 1265 991 1304 sno
1001 1246 1134 1322 pondere

172 1359 297 1416 anguem
311 1357 442 1415 parvum,
459 1339 511 1414 qui
529 1339 563 1396 in
581 1337 661 1397 solea
679 1338 813 1411 latuerat,
829 1339 980 1416 oppressit.
1025 1338 1136 1397 Pauois

172 1438 239 1510 post
260 1433 364 1496 diebus
379 1452 486 1492 *servus
507 1431 638 1508 ejusdem
655 1430 775 1508 judicie,
797 1431 869 1490 dum
889 1432 1000 1492 calceos
1021 1432 1134 1503 induit,

171 1531 316 1603 punctum
336 1526 417 1585 haud
439 1525 481 1585 ite
500 1544 641 1602 magnum
660 1524 724 1600 ipss
744 1526 842 1586 sentit
894 1525 1003 1585 Statim
1020 1526 1136 1602 judicis

172 1619 244 1679 l'aeti
257 1640 377 1693 memor,
392 1639 481 1696 quam
496 1620 625 1677 maximi
639 1619 671 1677 vi
690 1618 724 1675 in
743 1623 850 1678 terram
870 1619 976 1696 pedem
996 1619 1134 1679 incussit

172 1712 250 1772 Inde
263 1719 348 1772 acuto
362 1713 461 1772 dolore
474 1713 601 1772 furiosus
620 1712 730 1770 oaloeos
744 1714 836 1789 sxuit,
851 1713 1038 1789 invenit-que
1052 1712 1137 1771 haud

173 1808 337 1882 serpentem
351 1806 470 1882 quidem
484 1807 535 1865 sed
549 1807 696 1864 echinum.

466 2036 517 2099 80.
539 2036 625 2099 Bidc
631 2058 721 2117 your
739 2037 770 2100 T
768 2036 839 2102 ime.

204 2183 291 2243 [Fido
304 2177 412 2260 parvus
426 2184 514 2256 oanis,
527 2184 580 2261 qui
593 2186 747 2244 dominum
761 2204 850 2261 quam
863 2184 992 2242 maxime
1006 2183 1137 2255 amabat,

177 2278 256 2354 qnod
270 2277 354 2336 nullo
375 2278 462 2337 modo
483 2298 612 2345 amorem
631 2285 777 2356 praestare
796 2282 920 2355 poterat,
942 2297 1028 2355 saepe
1049 2298 1140 2336 suum

176 2391 275 2431 casum
296 2371 422 2430 dolebat.
478 2371 609 2431 Tandem
634 2372 763 2445 Rolloni,
784 2371 986 2448 magnonem,
1008 2390 1072 2429 rem
1093 2372 1139 2429 its

175 2466 328 2539 indicavit,
346 2466 402 2526 “O
417 2467 564 2525 fortunate
585 2467 683 2526 oanis!
705 2471 777 2542 quot
790 2467 886 2525 modis
899 2471 1000 2524 nostro
1013 2465 1138 2523 domino

175 2561 280 2635 prodes
289 2579 299 2633 ;
323 2567 357 2619 tu
382 2560 502 2618 domum
526 2560 676 2634 eustodis;
702 2562 781 2619 iures
805 2580 822 2618 a
845 2560 957 2631 limine,
982 2558 1074 2634 lupos
1100 2559 1138 2616 ab

176 2654 249 2712 ovili
276 2674 373 2729 aroes;
401 2674 454 2730 ego
481 2660 580 2714 antem
608 2655 687 2713 nihil
713 2656 807 2714 faeere
835 2656 981 2731 possum''
1034 2654 1138 2725 “At''

176 2747 327 2823 respondit
350 2748 438 2807 Rollo
463 2750 587 2826 sapiens,
615 2750 677 2806 “in
701 2749 796 2808 offioio
823 2768 928 2823 mane3
954 2748 1020 2806 sine
1043 2748 1139 2806 dubio

52 2856 55 2861 ·
177 2840 356 2898 oeoasionem
370 2840 427 2898 tibi
441 2841 524 2899 dabit
538 2841 684 2901 fortuna''
724 2842 831 2901 Paucis
851 2846 918 2918 post
931 2840 1046 2913 diebus,
1062 2842 1137 2899 dum

176 2932 314 2992 dominus
340 2939 430 2992 noetu
458 2934 575 3009 dormit,
604 2934 689 3008 Fido,
718 2936 771 3012 qui
798 2934 879 2993 haud
912 2934 1017 3012 prooul
1050 2933 1138 2993 humi

171 3026 298 3101 jacebat,
324 3029 439 3103 aspexit
462 3026 614 3100 latronem,
640 3028 693 3105 qui
717 3028 793 3087 olam
817 3028 937 3087 domum
962 3027 1135 3088 intraverat.

177 3118 317 3178 Protinus
348 3120 455 3178 latratu
483 3120 636 3178 dominum
664 3140 681 3179 e
708 3140 811 3180 somno
838 3120 989 3194 excitavit,
1018 3125 1049 3178 et
1084 3124 1137 3179 sua

176 3212 330 3289 vigilantia
343 3232 410 3271 sum
425 3232 441 3272 e
455 3213 584 3289 periculo
598 3215 714 3291 eripuit
