2425 3850
452 219 727 303 Translations.
1026 236 1064 296 37

108 439 199 496 quam
222 441 317 499 nuper
340 423 472 497 duxerat,
494 417 557 482 iter¹
574 423 706 482 faciebat.
750 422 825 482 Mox
848 423 886 480 ad
910 423 988 498 ripas
1011 421 1065 481 alti

107 515 275 592 rapidi-que
319 515 451 576 fluminis
492 517 618 577 viatores
661 517 845 594 perveniunt,
887 517 1063 592 frustraque

107 609 220 667 vadum
260 615 374 686 petunt
432 611 538 670 Subito
577 611 701 670 occurrit
741 615 895 668 centaurus
933 610 1061 685 quidam,

107 701 228 762 nomine
259 703 378 762 Nessus.
430 702 598 776 “Multae''
626 704 733 778 inquit,
759 707 873 760 “antea
900 707 981 760 trans
1007 702 1063 760 hoc

107 793 219 852 flumen
240 815 257 852 a
276 816 324 854 me
344 801 554 872 transportatus
575 801 653 856 sunt.
696 797 736 854 Te
757 816 882 872 quoque,
897 815 914 854 ο
931 795 1064 872 pulcher-

107 889 184 946 rima
224 888 373 964 Deianira,
412 891 439 948 si
480 890 571 965 cupis,
612 890 672 948 lato
713 909 778 948 meo
819 896 898 966 tergo
937 889 1064 947 libenter

107 983 312 1058 transportabo
323 985 351 1058 ;''
387 983 476 1042 simul
506 983 635 1060 puellam
663 983 743 1041 haud
771 983 896 1041 invitam
923 983 1065 1060 suscipit3

106 1074 215 1133 deinde
230 1076 357 1152 perfidus
371 1096 475 1154 magna
489 1077 636 1135 celeritate
650 1078 682 1134 in
695 1083 809 1136 montes
823 1077 907 1152 sugit.

163 1313 212 1380 52.
236 1300 268 1363 Α
286 1299 375 1364 Ride
389 1321 428 1364 on
445 1301 498 1364 the
516 1300 685 1367 Centaur’s
699 1302 789 1365 Back
805 1300 1010 1385 (continued).

149 1437 292 1496 Hercules
303 1444 410 1514 autem,
422 1458 510 1514 quem
521 1439 600 1498 fraus
611 1439 743 1498 centauri
754 1458 814 1496 non
825 1437 952 1510 fallebat,
965 1458 1063 1496 arcum

105 1530 214 1606 rapuit,
230 1536 260 1589 et
280 1535 340 1589 uni
360 1552 398 1590 ex
418 1533 455 1590 iis
475 1533 599 1608 sagittis,
614 1551 686 1608 quas
706 1533 769 1608 ipse
789 1532 930 1608 sanguine
944 1531 1064 1607 Hydrae

105 1624 244 1698 tinxerat,
270 1625 429 1702 fugitivum
453 1626 628 1686 vulneravit
672 1626 715 1683 At
737 1625 929 1684 moribundus
949 1625 1064 1702 puellae

105 1718 263 1780 consilium
273 1718 329 1777 hoc
339 1719 557 1795 iniquissimum
568 1720 620 1778 dat
630 1719 743 1778 Nessus
752 1739 761 1792 3
783 1723 801 1751 “
810 1718 946 1795 Accipe,''
955 1719 1061 1794 inquit,

107 1817 126 1843 ‘⁴
138 1811 215 1870 hanc
236 1813 375 1885 tunicam,
391 1831 479 1888 quam
500 1831 582 1871 meus
596 1813 714 1888 sanguis
731 1813 836 1883 tinxit3
857 1812 928 1870 haec
943 1813 999 1870 tibi
1012 1812 1064 1870 ali-

104 1905 224 1982 quando
235 1926 362 1965 amorem
375 1906 508 1984 conjugis
522 1906 683 1966 restituet.''
728 1907 786 1965 His
797 1906 894 1967 verbis
907 1914 1062 1965 centaurus

104 2000 221 2058 occidit.

147 2092 261 2152 Paucos
285 2099 351 2170 post
376 2113 468 2153 annos
496 2094 646 2168 Hercules,
674 2094 829 2155 Oechaliae
853 2095 955 2165 victor,
978 2094 1063 2152 Iolen

104 2187 253 2262 captivam
281 2188 420 2246 Deianira'a
445 2187 640 2264 pulchriorem
667 2187 824 2246 adamavit.
869 2187 949 2244 Haec
973 2187 1063 2262 igitur

104 2281 261 2339 verborum
286 2282 417 2340 centauri
442 2282 521 2340 haud
545 2283 706 2351 immemor,
727 2282 857 2339 tunicam
881 2280 1000 2339 saulem
1024 2282 1062 2340 ad

104 2374 260 2450 conjugem
274 2374 363 2433 misit
407 2375 493 2433 Hanc
515 2374 657 2433 Hercules
678 2375 813 2432 incautus
833 2373 941 2445 induit,
957 2378 986 2431 et
999 2374 1062 2449 ipse

104 2472 226 2526 necatur
253 2468 317 2525 dini
344 2468 376 2526 vi
403 2468 484 2527 illins
511 2468 627 2542 veneni,
656 2487 715 2543 quo
749 2467 821 2525 olim
848 2486 915 2525 suas
942 2468 1062 2543 sagittas

104 2561 243 2621 tinxerat

347 2743 396 2811 53.
421 2731 452 2794 A
482 2729 677 2812 Wonderful
688 2728 823 2795 Dream.

145 2866 217 2926 Tres
237 2866 309 2925 olim
329 2868 455 2927 viatores
476 2888 493 2925 a
514 2867 611 2927 Gallia
631 2868 669 2926 ad
690 2847 807 2925 Italiam
828 2867 885 2925 iter
904 2866 1059 2926 iaciebant.
1118 2935 1120 2940 Ι

104 2961 163 3019 Via
178 2966 239 3020 erat
253 2964 289 3020 'ct
310 2962 397 3038 longa
417 2966 447 3020 at
468 2962 650 3034 difficillima,
665 2961 744 3037 quod
759 2960 890 3036 undique
910 2962 1062 3019 montibus

104 3054 255 3113 altissimis
283 3055 494 3114 continebatur.
547 3054 640 3131 Saepe
673 3074 809 3130 magnam
837 3053 897 3113 cibi
930 3054 1061 3132 inopiam

104 3148 231 3208 viatores
245 3148 428 3223 tolerabant;
448 3148 567 3208 tandem
581 3148 660 3207 nihil
672 3147 733 3207 illis
743 3152 902 3224 super-erat
916 3148 974 3206 nisi
984 3166 1062 3207 unus

104 3242 198 3318 panis,
214 3241 295 3300 haud
308 3242 351 3301 ita
364 3242 490 3319 grandis,
506 3261 594 3318 quem
615 3260 715 3300 omnes
732 3241 956 3317 diligentissime
969 3260 1063 3300 serva·

104 3335 185 3396 bant
228 3336 319 3394 Hune
332 3336 391 3394 sibi
404 3336 528 3412 quisque
542 3335 681 3396 vindicat
726 3333 862 3410 Denique
875 3334 945 3393 fessi
958 3353 1061 3392 somno

104 3428 237 3501 sedant,
260 3448 433 3507 panem-quc
453 3434 623 3507 proponunt
643 3428 751 3488 somnii
770 3427 962 3504 insignissimi
983 3446 1062 3504 prae-
