2425 3850
444 243 719 315 Trmshtions

288 567 339 632 93.
366 549 436 644 ΙΤΙιε
449 550 664 616 Bloodlsound
676 551 885 636 (continued).

142 705 209 764 Rex
228 707 336 778 tamen,
358 705 411 781 qui
431 704 536 764 ldviter
556 706 727 781 dormiebat,
744 727 847 767 somno
868 708 1021 782 excitatus,
1042 727 1060 768 a

98 797 177 856 lecto
201 797 338 874 prosiluit
358 803 389 856 et
408 803 564 875 postquam
588 800 724 860 comitem
746 802 906 877 suscitavit,
928 802 1058 879 gladium

100 887 267 952 destrinxit
311 892 407 952 Atrox
431 893 501 952 inde
525 899 672 952 certamen
693 894 803 953 factum
828 901 881 970 est,
903 916 957 956 rex
978 897 1059 956 enim

98 989 199 1066 gladio
223 1007 317 1048 unum
341 1008 358 1048 e
381 989 545 1048 latronibus
571 991 738 1065 transfixit3
768 998 799 1052 at
823 1012 919 1052 comes
943 993 1058 1066 infelix,

98 1081 199 1142 subito
220 1081 333 1159 impetu
357 1082 553 1159 perturbatus,
575 1103 592 1143 a
613 1083 777 1144 latronibus
803 1085 976 1146 interfectus
1003 1093 1055 1146 ast

99 1177 178 1234 'l'um
198 1195 250 1234 rex
270 1176 314 1234 ira
334 1181 365 1234 et
385 1176 484 1236 dolore
504 1177 650 1251 incensos,
665 1178 746 1254 quod
765 1178 896 1255 gladium
910 1198 926 1238 e
940 1198 1058 1256 corpore

96 1270 222 1329 latronis
248 1270 397 1329 interfecti
423 1270 574 1330 detrahere
601 1290 663 1330 non
690 1277 813 1349 poterat,
841 1273 904 1331 face
931 1271 1056 1346 ardenti,

98 1383 188 1441 quam
215 1383 232 1421 e
259 1364 324 1424 loco
351 1365 539 1441 corripuerat,
562 1364 683 1426 alterius
709 1365 832 1425 latronis
855 1371 944 1443 caput
967 1365 1053 1426 elisit

98 1458 187 1534 Quod
220 1458 275 1517 ubi
307 1458 390 1518 videt
424 1459 536 1534 tertius,
572 1466 666 1518 morta
700 1461 842 1519 comitum
875 1460 1056 1537 perterritus,

97 1553 200 1630 fugam
221 1552 356 1612 tentavit
400 1551 464 1612 Nec
486 1559 584 1611 temen
605 1573 621 1611 a
642 1553 770 1630 periculo
791 1554 894 1627 evasit,
909 1573 962 1613 rex
976 1554 1056 1614 enim

92 1649 157 1724 jam
178 1651 307 1706 armatus
334 1645 440 1722 gladio,
463 1665 522 1723 quo
545 1647 673 1706 occisum
696 1647 842 1708 latronem
866 1647 1055 1725 spoliaverat,

96 1741 214 1802 hostem
227 1739 388 1818 fugientem
405 1741 522 1800 mortali
535 1740 659 1801 vulnere
672 1741 806 1802 confecit.

417 2070 469 2137 94.
492 2052 523 2116 A
543 2052 653 2117 Looer
666 2055 735 2118 lost.

138 2221 227 2295 Galli,
263 2222 315 2299 qui
349 2222 500 2282 audaciam
534 2223 656 2282 maximi
690 2223 893 2298 aestimabant,
928 2223 1054 2283 ferarum

95 2315 307 2375 certaminibus
319 2315 447 2374 multum
461 2314 689 2375 delectabantur.
732 2315 902 2393 Aliquando
920 2335 972 2374 rex
986 2335 1054 2375 cum

95 2412 204 2486 magni
230 2412 345 2467 catervi
372 2409 517 2468 nobilium
546 2410 771 2486 mulierumque
798 2408 941 2467 clararum
968 2408 1055 2468 ludos

95 2503 233 2563 solennes
247 2501 412 2579 aspiciebat
457 2502 606 2578 Quaedam
628 2522 665 2561 ex
685 2502 741 2574 hie,
758 2521 832 2580 quae
853 2503 955 2579 sponsi
974 2504 1056 2562 forti·

95 2595 232 2656 tudinem
243 2600 356 2655 tentare
366 2595 471 2670 voluit,
486 2614 605 2655 aureum
615 2601 749 2672 torquem
759 2595 867 2671 dejecit
879 2596 913 2655 in
926 2596 1055 2656 mediam

95 2708 222 2761 menam,
248 2692 306 2765 qui
330 2688 376 2748 leo
400 2690 503 2766 ingens
528 2708 595 2748 oum
621 2689 737 2749 duobus
759 2688 886 2766 tigribus
908 2695 1054 2749 certamen

95 2782 269 2841 acerrimum
281 2781 392 2858 agebat
437 2781 670 2859 “Tuquidem,'’
684 2782 792 2860 inquit,
809 2782 950 2859 “siquid
971 2783 1003 2842 in
1024 2788 1054 2842 te

95 2875 205 2935 residet
232 2875 338 2937 amoris
368 2894 435 2953 erga
461 2896 516 2949 me,
542 2882 677 2952 torquem
704 2875 779 2934 mihi
806 2896 823 2934 e
850 2876 920 2937 laris
947 2877 1054 2954 eripa”

97 2970 207 3031 Statim
224 2970 344 3047 juvenis
365 2970 412 3029 his
425 2970 524 3030 verbis
543 2990 690 3045 accensus,
705 2971 739 3030 in
758 2990 876 3031 arenam
896 2992 927 3031 se
947 2972 1055 3050 praeci·

96 3063 223 3141 pitavit3
244 3062 322 3122 saltu
342 3063 430 3123 alacri
451 3069 585 3139 torquem
604 3064 703 3141 rapuit
713 3084 723 3138 3
741 3067 825 3123 tutus
845 3084 913 3124 cum
926 3067 1055 3144 praemio

96 3156 192 3219 radiis
235 3156 311 3215 Tum
331 3156 392 3232 ille,
406 3158 478 3216 dum
499 3175 599 3216 omnes
613 3158 725 3216 factum
741 3157 897 3235 plaudunt,
912 3178 979 3218 cum
993 3160 1055 3217 risu

96 3249 235 3327 adpodes
243 3250 502 3331 virginis-crudelis
510 3261 646 3327 torquem
655 3252 785 3329 projecit
831 3252 1056 3329 “Tuqrridem,”

96 3342 204 3422 inquit,
236 3346 353 3404 “meam
372 3345 465 3407 vitam
483 3344 601 3404 minimi
622 3344 752 3405 habuisti
757 3365 768 3421 3
798 3364 851 3423 ego
872 3350 956 3405 tuum
980 3363 1057 3406 amo-

95 3438 186 3499 rem.”

143 3542 283 3593 onnam]
564 3534 586 3583 ll
