2425 3850
426 275 703 344 ¹1¹ransla‘tious.

325 535 377 603 97.
405 519 473 583 The
489 517 624 584 Guards
638 518 812 583 outwittca'.

128 646 285 729 Heniicus,
294 676 346 715 rex
360 656 578 728 Britannorum,
590 656 642 732 qui
656 675 724 715 cnm
736 655 853 716 civibus
865 654 1045 715 turbulentis

85 745 200 810 bellum
223 750 350 827 gerebat,
371 751 468 810 filium
487 769 575 809 suum
595 750 741 825 equitatui
760 749 942 827 praefecerat
986 749 1045 807 Hio

85 849 196 916 tamen,
208 843 330 918 juvenis
342 862 415 916 acer,
430 843 510 918 quod
524 843 673 917 equitibus
693 843 823 901 hostium
845 843 944 902 effusis
957 840 1045 900 auda·

85 936 150 996 cius
170 936 327 1011 institerat,
342 937 462 995 tandem
482 942 585 1013 captus
604 942 650 994 est
670 937 708 995 ab
722 937 867 996 hostibus.
909 936 1044 995 Victores

84 1035 185 1091 antem
199 1029 252 1105 qui
265 1031 381 1106 captivo
395 1030 534 1089 volebant
554 1028 715 1106 indulgere,
729 1048 797 1088 eum
817 1029 955 1088 sinebant
974 1047 1045 1105 quo·

83 1123 160 1182 tidie
180 1142 248 1182 cum
272 1124 372 1199 paucis
396 1123 568 1182 custodibus
595 1124 628 1180 in
653 1141 727 1198 equo
751 1122 829 1181 vehi
873 1121 1045 1198 Aliquando

85 1216 224 1275 custodes
237 1217 324 1292 jussu
337 1216 478 1293 principis
498 1217 576 1274 inter
589 1235 621 1274 se
634 1235 720 1274 cursu
735 1235 875 1291 equorum
889 1215 1045 1278 contende·

83 1311 173 1387 bant,
210 1310 343 1368 Tandem
362 1315 518 1386 postquam
546 1310 615 1385 equi
635 1310 767 1367 omnium
788 1328 874 1368 cursu
894 1314 924 1366 et
944 1307 1044 1366 labore

84 1403 215 1462 confecti
246 1407 325 1477 sunt,
354 1404 499 1479 princeps,
527 1404 580 1478 qui
607 1422 625 1459 a
651 1402 808 1460 certamine
836 1400 873 1459 de
900 1399 1045 1459 industria

83 1496 263 1568 abstinebat,
287 1496 388 1568 “En''
416 1496 524 1571 inquit,
548 1495 660 1554 “vobis
681 1514 792 1554 novum
812 1500 958 1552 certamen
982 1512 1046 1569 pro-

84 1591 195 1667 pono.''
236 1588 313 1648 Cum
327 1589 480 1647 hisverbis
494 1608 601 1664 equum
623 1589 770 1663 integrum
790 1588 934 1660 incitavit,
950 1587 1048 1646 celeri-

83 1691 189 1760 terque
203 1701 220 1741 e
233 1681 391 1759 conspectu
404 1682 535 1741 hostium
548 1683 691 1741 fessorum
704 1681 742 1740 ad
756 1682 864 1740 amicos
874 1686 976 1741 vectus
990 1689 1042 1740 est.

456 1863 508 1945 98.
531 1861 562 1926 A
581 1862 674 1927 Foul.

125 1998 279 2057 Romanus
292 1996 364 2055 olim
377 2016 445 2056 cum
459 1997 574 2057 duobus
595 1997 713 2057 Graecis
734 2018 820 2057 cursu
840 1996 1042 2057 contendebat

83 2096 151 2156 Ubi
164 2096 281 2172 signum
295 2095 397 2153 datum
411 2101 463 2168 est,
476 2115 576 2153 omnes
589 2096 697 2172 pariter
711 2116 727 2154 e
741 2096 901 2155 carceribus
915 2095 1042 2155 evolant.

83 2190 162 2249 Mox
176 2194 275 2248 tamen
288 2208 366 2247 unus
380 2209 396 2247 e
410 2189 535 2262 Graecis,
551 2191 603 2267 qui
618 2189 763 2249 celeritate
777 2191 886 2268 pedum
899 2196 1045 2267 praestan-

83 2283 146 2343 tior
164 2282 232 2357 fuit,
248 2288 357 2340 ceteros
376 2282 538 2359 superabat
582 2283 663 2341 Huic
685 2283 800 2342 modico
822 2282 979 2342 intervallo
1000 2283 1043 2340 in·

83 2375 209 2436 sistebat
233 2375 392 2448 Romanus,
413 2394 500 2451 quem
528 2376 666 2434 acerrimo
694 2395 780 2434 cursu
808 2381 891 2453 urget
916 2374 1044 2434 Graecus

84 2470 168 2529 alter.
211 2468 232 2527 J
233 2488 349 2545 amque
362 2468 416 2527 ubi
428 2470 484 2528 sub
498 2469 596 2545 ipsum
609 2470 697 2527 finem
712 2470 917 2555 adveniebant,
932 2469 1044 2545 primus

85 2567 272 2639 Graecorum,
288 2567 341 2643 qui
363 2566 516 2625 victoriam
540 2586 592 2643 pro
615 2573 693 2625 certo
716 2566 829 2641 habuit,
845 2567 944 2625 minus
960 2574 1043 2625 caute

85 2661 230 2721 currebat.
283 2661 341 2719 Ille
369 2666 467 2719 autem
495 2660 609 2719 lubrico
635 2662 765 2737 gramine
790 2661 880 2720 falsus
908 2681 1044 2738 praeceps

84 2755 207 2814 decidit.
249 2754 326 2811 Tum
339 2753 419 2829 quod
432 2754 495 2831 ipse
509 2755 670 2831 praemium
683 2761 827 2831 reportare
851 2774 911 2813 non
935 2756 1042 2833 potuit,

85 2847 175 2907 amici
187 2847 269 2906 baud
281 2848 447 2936 immemor,
456 2867 517 2906 sese
531 2848 669 2925 opposuit
685 2847 817 2907 Romano
838 2850 1042 2925 praetereunti,
1078 2856 1082 2863 “

85 2941 140 3018 qui
159 2941 287 2999 invicem
311 2938 350 2998 ad
371 2946 476 2998 terram
501 2940 674 3017 provolutus
694 2946 746 2999 est
790 2941 895 3017 Itaque
917 2941 1043 3001 Graecus

84 3034 162 3093 alter
174 3052 245 3092 voce
259 3033 392 3091 omnium
406 3033 500 3092 victor
513 3039 558 3091 eet
571 3032 743 3110 appellatus.

319 3264 372 3329 99.
395 3246 426 3310 A
444 3243 631 3329 Disguiscd
639 3246 812 3312 Monarch.

127 3384 266 3457 Jacobus,
278 3403 330 3442 rex
340 3382 503 3457 Scotorum,
514 3384 562 3442 vir
570 3383 670 3460 gloriae
684 3384 820 3444 militaris
833 3384 947 3458 avidus,
958 3403 1044 3461 saepe

86 3479 151 3537 sine
172 3477 235 3537 ullo
256 3478 363 3536 comite
383 3476 505 3553 errabat,
521 3483 602 3537 veste
621 3496 690 3537 suae
703 3478 838 3537 fortunae
852 3477 989 3537 dissimili
1002 3478 1046 3537 iu·
