2425 3850
431 262 568 366 '‘Um’'
588 263 720 332 Verbs.
1015 265 1053 323 41

95 461 128 514 et
142 457 368 516 mansuetudine
382 457 543 534 superabat.
587 459 675 516 Forte
685 457 821 516 Britanni
831 476 898 516 cum
913 455 1056 534 Hisponis

95 549 212 608 hellum
232 550 378 626 gerebant,
401 557 489 626 etque
514 551 627 627 equites
650 551 804 628 utriusque
828 551 972 610 exercitiis
995 549 1056 608 fere

95 643 279 718 quotidianis
306 644 414 720 pugnis
440 644 518 702 vires
545 644 726 703 exercebant
783 643 953 721 Aliquando
982 643 1055 701 dum

95 735 202 794 urbem
235 739 384 813 quendam
417 737 554 796 Britanni
584 743 765 815 oppugnant,
794 737 954 814 Philippus
987 755 1056 795 cum

95 831 199 906 paucis
233 831 390 890 comitibus
425 835 532 908 magna.
565 850 656 890 manu
694 831 824 890 hostium
859 829 1056 890 circumdatus

96 927 150 982 est
194 923 258 980 Diu
278 928 309 982 et
329 925 432 982 acriter
450 925 544 983 nostri
557 924 758 1001 Hispanorum
777 925 920 1001 impetum
934 923 1056 983 sustine

97 1014 179 1074 bant
222 1016 353 1075 Tandem
374 1016 532 1094 Philippus
550 1018 649 1094 jeoulo
669 1019 797 1094 graviter
816 1019 987 1077 vulneratus
1001 1024 1053 1076 est.

96 1107 172 1166 Post
185 1128 314 1185 pugnam
328 1110 399 1169 dum
411 1111 531 1169 comites
541 1111 645 1169 moesti
658 1110 833 1187 Philippum
847 1108 1056 1169 moribundum

96 1203 136 1261 ad
150 1209 244 1263 cestra
257 1210 415 1281 reportant,
431 1204 537 1281 aliquis
551 1205 579 1264 ei
592 1205 703 1281 geleem
723 1224 815 1281 aquae
832 1205 948 1282 plenam
962 1203 1053 1263 dedit.

96 1296 156 1354 Ille
169 1303 277 1369 eutem,
293 1300 348 1358 etsi
362 1299 427 1358 sitis
440 1300 538 1358 fauces
559 1299 671 1372 urebat,
686 1298 784 1374 militi,
799 1300 852 1375 qui
872 1317 933 1356 non
954 1297 1056 1374 procul

92 1390 213 1465 jacebat
227 1391 389 1468 avidis-que
403 1392 495 1450 oculis
509 1411 615 1468 aquam
636 1391 786 1464 lustrabat,
803 1391 940 1468 poculum
954 1388 1055 1463 dedit;

98 1484 238 1543 “Nonne
252 1485 341 1561 hujus
355 1486 503 1561 vulnere‚''
518 1487 624 1562 inquit,
642 1490 660 1519 ‘⁴
667 1487 799 1563 graviora
812 1495 883 1544 sunt
896 1485 1007 1544 meis‘l''

409 1857 431 1891 “
443 1858 526 1919 CUI
539 1859 558 1891 ”
580 1858 747 1919 VERBS.

141 1999 162 2088 ξ
186 2002 236 2065 23.
259 2002 291 2064 Α
314 2002 375 2065 few
398 2002 512 2077 Verbs,
534 2002 642 2066 which
667 2023 713 2066 we
740 2002 856 2066 should
882 2008 999 2086 expect
1020 2007 1058 2065 to

94 2120 217 2183 govern
232 2120 274 2163 en
285 2100 488 2176 Accusative,
499 2100 549 2164 for
563 2121 651 2165 some
665 2122 779 2165 reason
794 2122 830 2166 or
844 2101 936 2165 other
949 2101 1055 2186 prefer

94 2200 152 2265 the
169 2199 296 2265 Dative.
341 2200 409 2263 The
425 2206 509 2264 most
523 2220 672 2265 common
686 2221 785 2265 ere-

357 2321 466 2397 Pereo,
481 2340 586 2404 pareo,
600 2320 721 2405 placeo,

358 2421 473 2497 Faveo,
488 2440 595 2495 noceo,
611 2421 724 2498 servio,

357 2520 501 2597 Invideo,
517 2521 614 2597 nubo,
629 2521 768 2603 ignosco,

357 2619 527 2696 Maledioo‚
542 2618 703 2703 indulgeo.
