2425 3850
418 247 694 317 nannenons.

401 587 452 668 69.
475 587 507 649 A
529 585 617 652 Cat’s
630 587 726 650 Paw.

123 759 231 837 Apicio
242 759 401 833 mercatori,
413 758 466 835 qui
477 757 594 836 Capuae
606 759 733 833 vivebat,
745 778 783 817 ex
793 759 929 836 Aegypto
942 759 1038 829 felem,

79 856 199 914 simiam
227 874 264 912 ex
292 854 389 931 Libya
422 873 491 912 suae
525 873 615 912 naves
649 859 925 931 transportaverant.
975 855 1041 912 Hae

81 950 206 1026 quidem
243 949 354 1007 bestiae
394 948 450 1006 snb
490 952 569 1005 tecto
610 949 777 1006 mercatoris
817 949 1041 1007 concordissime

78 1043 236 1116 vivebant,
264 1042 352 1118 longe
380 1047 478 1100 tamen
506 1041 589 1100 aliud
611 1042 670 1100 fuit
693 1043 858 1118 utriusque
880 1043 1039 1118 ingenium.

79 1137 150 1208 Hla,
179 1122 284 1194 nature
311 1135 429 1209 tardior,
460 1154 596 1210 magnam
624 1135 685 1193 diei
718 1143 831 1213 partem
862 1135 1042 1209 dormiebat,

81 1231 164 1300 haec,
180 1229 308 1303 alacrior,
323 1229 460 1288 comitem
482 1227 620 1286 stolidam
640 1247 725 1305 saepe
745 1248 798 1305 per
814 1230 881 1304 joca
900 1229 1039 1288 vexabat.

79 1324 173 1382 Forte
183 1322 307 1398 Apicius
319 1328 468 1380 castaneas
480 1321 640 1397 aliquando
651 1323 719 1398 igne
732 1322 868 1380 torrebat.
912 1322 976 1380 Has
988 1323 1043 1381 ubi

81 1418 167 1476 videt
194 1417 287 1488 simia,
311 1416 349 1474 ad
376 1416 474 1492 ignem
502 1416 625 1489 accedit,
647 1417 812 1492 avidisque
840 1415 932 1475 oculis
953 1436 1043 1475 nuces

82 1512 230 1571 observat.
273 1510 336 1567 Diu
357 1508 457 1568 haeret
478 1510 606 1583 incerta3
628 1509 728 1568 dulces
749 1529 926 1586 quanquam
946 1511 1043 1587 fruges

82 1606 218 1662 animum
239 1603 385 1676 alliciunt,
400 1598 532 1662 fervidus
545 1604 622 1680 ignia
635 1622 653 1660 a
666 1604 745 1661 furto
759 1603 893 1663 deterret.
936 1604 1043 1665 Subito

82 1717 176 1756 mann
189 1696 286 1768 felem,
303 1716 377 1772 quae
390 1701 459 1754 ante
478 1697 577 1772 ignem
597 1715 677 1755 more
697 1715 750 1755 suo
770 1696 941 1771 dormiebat,
956 1701 1042 1775 rapit,

82 1799 114 1850 et
142 1791 218 1868 pede
247 1792 311 1866 ejus
342 1797 491 1849 castaneas
525 1791 697 1866 singillatim
731 1811 770 1850 ex
803 1792 871 1868 igne
905 1792 1041 1854 detrahit.

84 1885 204 1946 Deinde
219 1885 290 1943 dum
304 1885 357 1943 illa
370 1904 476 1962 magno
489 1885 601 1962 gemitu
616 1904 713 1944 casum
724 1885 866 1963 deplorat,
877 1887 941 1964 ipsa
953 1907 1043 1947 nuces

84 1999 188 2039 secura
202 1980 329 2037 devorat

216 2232 220 2239 '
338 2268 389 2334 70.
418 2252 484 2315 Tae
498 2254 605 2335 sffm
618 2256 689 2335 osa
703 2256 787 2318 Fau.

128 2423 210 2497 Indi,
233 2424 286 2499 qui
313 2442 377 2481 oras
403 2423 491 2482 maris
516 2424 650 2483 australis
670 2425 846 2497 incolebant,
869 2427 924 2514 etsi
948 2428 1043 2487 multa

84 2522 170 2577 erant
194 2523 225 2575 et
248 2535 326 2576 nova
350 2517 487 2575 animalia
508 2518 541 2575 in
564 2518 627 2577 suis
647 2518 766 2590 finibus,
789 2538 929 2594 equomm
947 2542 1042 2598 genus

85 2611 222 2670 nondum
247 2615 454 2686 cognoverunt.
498 2610 541 2668 Hi
561 2611 652 2687 igitur
672 2631 763 2686 quum
783 2613 911 2688 primum
930 2615 1043 2676 bellum

85 2709 240 2781 gesserunt
253 2723 321 2761 curn
336 2704 486 2780 Hispanis,
502 2705 554 2779 qui
571 2725 609 2762 ex
629 2706 712 2780 equis
732 2704 914 2782 plerumque
935 2728 1044 2787 pugna-

85 2800 170 2870 bant,
186 2816 263 2855 novo
278 2798 441 2874 spectaculo
455 2817 542 2872 quam
556 2799 684 2855 maxime
697 2799 791 2857 territi
804 2808 881 2861 sunt
925 2803 1042 2879 Equum

87 2894 170 2951 enim
194 2910 261 2949 cum
286 2910 339 2949 suo
367 2893 466 2967 equite
492 2911 586 2949 unum
614 2892 722 2950 animal
749 2894 900 2971 putabant
943 2898 1043 2958 Primo

87 2988 203 3063 impetn
214 2985 291 3043 hanc
305 2985 343 3044 ob
357 3004 473 3043 causam
486 2984 524 3042 ab
538 2986 688 3060 equitibus
701 2987 863 3062 perturbati
872 2996 950 3063 sunt,
961 2992 1044 3051 brevi

88 3086 199 3151 tamen,
214 3078 294 3155 quod
308 3080 407 3154 copiae
420 3097 489 3137 suae
509 3080 603 3137 multo
624 3080 721 3156 plures
740 3064 835 3154 erant,
848 3084 989 3158 praelium
1002 3105 1045 3145 re-

86 3174 247 3233 novabant.
291 3174 427 3248 Denique
444 3173 565 3249 quidem
585 3192 623 3231 ex
643 3174 795 3251 Hispanis,
810 3178 894 3251 cujus
915 3198 1007 3254 equus
1027 3200 1044 3237 a

86 3268 241 3327 funditore
254 3267 425 3325 vnlneratus
439 3273 491 3341 est,
507 3286 593 3343 super
606 3273 694 3344 ceput
707 3269 842 3327 animalis
862 3272 969 3330 effusus
990 3279 1040 3332 est

86 3363 119 3420 Is
134 3361 226 3437 igitur
246 3360 335 3435 pedes
355 3360 512 3441 pugnabat.
554 3361 598 3418 At
619 3359 697 3433 Indi,
712 3362 766 3419 ubi
786 3382 824 3419 ex
843 3382 903 3422 uno
923 3364 1044 3424 animali

87 3454 163 3513 duos
177 3453 277 3512 hostes
290 3454 437 3525 viderunt,
453 3455 600 3529 perterriti
614 3460 695 3531 terga
708 3460 866 3517 verterunt
