2425 3850
418 232 703 308 translations.
1003 242 1040 300 21

76 441 192 512 captat
236 436 312 496 Tum
339 437 483 496 exclamat
506 437 659 522 Boeotius,
683 438 773 496 “Vos
801 441 899 496 tenete
922 435 1044 494 firmiter

77 548 151 588 msa
179 549 269 602 crura,
295 550 364 588 nam
392 550 497 590 manus
523 532 630 590 durum
656 532 771 607 lignum
799 532 896 590 terit.''
947 527 1044 589 Simul

77 623 166 682 laxat
180 643 293 698 manus,
309 630 338 683 et
352 644 452 684 omnes
465 626 498 682 in
512 644 618 702 aquam
631 625 780 686 decidunt.

466 912 515 974 24
538 895 667 977 Logic!

126 1047 269 1132 Rusticus
290 1047 369 1120 olim,
384 1048 505 1106 nomina
526 1047 650 1121 Gellius,
664 1047 712 1106 vir
726 1047 811 1106 dives
831 1047 882 1105 sed
896 1046 1041 1120 indoctus,

80 1139 180 1198 mittit
188 1140 282 1199 filium
291 1141 328 1198 ad
338 1140 443 1198 ludum
455 1141 590 1213 Zenonis,
600 1140 739 1216 praeclari
749 1139 924 1216 philosophi
969 1139 1044 1198 Post

81 1232 200 1308 aliquot
219 1251 312 1291 annos
331 1233 410 1291 filius
431 1231 537 1310 repetit
557 1239 711 1309 paternum
731 1239 850 1306 tectum,
864 1239 895 1292 et
908 1237 1043 1310 parentes

81 1329 138 1386 sua
159 1327 304 1402 sapientiai
327 1327 472 1401 delectat;
496 1347 565 1386 nam
590 1347 691 1386 omnes
715 1328 833 1404 ingenio
858 1332 887 1386 et
910 1346 1043 1386 sermone

82 1420 250 1496 superabat.
293 1419 368 1479 Mox
392 1425 492 1479 tamen
512 1421 634 1497 juvenis
658 1420 790 1497 disputat
814 1439 881 1479 cum
902 1426 984 1497 patre
1005 1420 1042 1479 da

83 1513 170 1572 cultu
191 1533 326 1572 arvorum
337 1534 346 1588 ;
369 1515 490 1572 tandem
510 1515 611 1585 iratus,
626 1514 731 1573 baculo
752 1519 884 1591 caputet
905 1512 1043 1572 humares

84 1608 166 1666 senis
184 1608 325 1668 verberat
371 1608 424 1666 “O
446 1607 610 1680 scelerate,''
630 1609 775 1667 exclamat
795 1608 918 1680 Gellius,
942 1613 1041 1667 “num

84 1701 221 1759 verberes
241 1701 396 1777 patremt”
439 1701 640 1778 “Equidem''
660 1702 811 1778 respondit
831 1702 961 1778 juvenis,
985 1704 1043 1760 “et

84 1800 183 1856 recte:
225 1814 324 1854 nonne
359 1801 393 1853 tu
427 1814 474 1853 mo
508 1814 632 1871 parvum
666 1815 790 1871 puerum
823 1795 1042 1854 verberabast''

86 1891 158 1950 “At
168 1892 282 1951 invitus
292 1891 482 1967 verberabam
493 1897 531 1965 te,
543 1898 572 1952 et
583 1912 636 1969 pro
646 1897 698 1952 tua
707 1893 864 1953 utilitate.''
906 1894 975 1953 “Et
987 1912 1041 1971 ego

84 1986 175 2045 hodie
187 1987 309 2046 verbero
323 1992 353 2045 to
366 2006 418 2064 pro
433 1990 484 2045 tua
497 1987 635 2063 utilitate,
651 1991 681 2046 et
695 1988 834 2047 invitus.''

420 2268 469 2335 25.
502 2255 581 2319 Wat
598 2257 630 2320 T
619 2257 701 2337 yler.

127 2409 279 2481 Ricardus,
301 2408 398 2467 adhuc
414 2409 543 2485 juvenis,
559 2410 690 2468 succedit
710 2429 799 2485 regno
819 2409 1037 2470 Britannorum.

87 2504 161 2562 Mox
188 2510 249 2562 erat
275 2503 372 2577 gravis
400 2502 504 2561 seditio
532 2503 635 2579 plebis.
679 2503 735 2562 Vir
760 2508 895 2576 rusticus,
920 2503 1040 2562 nomino

86 2597 215 2673 Figulus,
245 2597 414 2655 seditiosam
441 2596 557 2654 turbam
585 2596 719 2655 ducebat.
771 2596 908 2671 Jam-que
935 2596 1040 2672 iugens

87 2697 200 2750 caterva
213 2690 373 2748 intraverat
386 2690 489 2747 urbem
511 2689 700 2762 Londinium,
715 2694 746 2748 et
766 2690 865 2748 omnia
884 2690 1037 2767 spoliabat.

88 2784 161 2844 Inde
175 2784 246 2842 dum
257 2784 335 2842 cives
349 2782 492 2841 claudunt
502 2783 638 2841 tabernas
649 2789 679 2842 et
689 2783 789 2861 fugam
802 2789 928 2857 tentant,
941 2785 1040 2843 subito

87 2898 139 2938 rex
153 2877 274 2955 juvenis
295 2896 362 2935 cum
382 2877 483 2953 paucis
503 2876 653 2952 equitibus
671 2878 760 2937 adest
803 2877 927 2954 Figulus
940 2882 1039 2936 autem

87 2971 241 3051 prehendit
278 2971 347 3047 equi
383 2971 459 3047 regis
491 2970 628 3030 habenas.
687 2971 758 3031 Sine
792 2977 872 3030 mora
903 2973 1041 3048 magister

88 3072 219 3142 equitum
239 3064 358 3139 stringit
376 3063 508 3139 gladium
529 3065 704 3141 occiditque
724 3064 874 3124 hominem
890 3065 1037 3124 audacem.

89 3160 194 3221 Statim
221 3176 321 3215 omnes
349 3162 471 3215 sumunt
498 3176 584 3231 arma,
614 3160 810 3235 tenduntque
836 3178 926 3218 arcus.
974 3159 1041 3217 Rex

90 3258 183 3313 autem
194 3250 326 3329 procedit
335 3251 368 3309 in
377 3252 514 3311 medium.
560 3256 579 3285 “
588 3251 744 3327 Comites,''
755 3254 861 3329 inquit,
869 3257 893 3285 '“
902 3253 951 3311 hic
962 3253 1042 3328 jacet

90 3353 182 3409 vester
206 3345 276 3420 dux,
302 3364 356 3404 nec
380 3364 511 3421 unquam
535 3353 671 3424 resurget.
714 3346 864 3425 Deponlte
887 3346 965 3419 tela3
988 3365 1041 3423 ego

91 3442 207 3521 posthac
223 3458 271 3499 cro
284 3439 369 3499 vobis
383 3440 472 3499 dux.''
