2425 3850
429 271 706 342 Trendatmna.
780 353 782 358 ¹

313 568 381 632 113.
405 551 437 614 Α
461 550 598 615 Traitor
612 561 643 616 to
657 551 711 615 lais
725 551 766 615 K
766 552 832 634 ing.

130 688 241 748 Darius
254 689 326 748 olim
339 708 391 747 rex
402 689 557 748 Persarum
568 685 599 747 in
612 683 702 748 silvas
714 708 780 748 cum
790 694 896 766 magnei
904 690 1050 750 nobilium

91 788 208 842 catervi
222 789 362 843 venatum
376 784 477 843 iverat.
521 782 627 842 Subito
641 789 710 841 ante
721 782 820 842 oculos
831 785 962 842 omnium
974 804 1051 843 unus

91 896 130 935 ex
160 876 349 954 accipitribus
378 877 473 953 regiis,
502 877 555 953 qui
582 875 748 934 columbam
778 877 959 952 aequabatur,
988 878 1052 956 ipse

89 970 199 1046 aquili,
227 989 293 1046 rega
323 969 432 1041 avium,
461 976 648 1046 oppugnatus
676 974 728 1033 est.
787 969 844 1028 lile
870 978 969 1031 autem
996 991 1050 1032 nec

90 1062 206 1122 viribus
234 1082 288 1121 nec
316 1063 477 1139 majestate,
499 1061 593 1121 hostie
621 1062 816 1139 perturbatus,
845 1068 875 1122 et
902 1069 993 1123 rostro
1022 1071 1053 1124 et

89 1157 242 1233 unguibus
271 1176 333 1216 sese
365 1176 453 1233 qnam
485 1155 645 1215 fortissime
677 1155 861 1216 defendebat.
918 1157 1049 1217 Tandem

89 1248 198 1326 aquila,
221 1248 301 1325 quod
321 1249 405 1308 nullo
426 1249 514 1308 modo
534 1248 687 1308 victoriam
708 1256 853 1325 reportare
873 1257 994 1326 potarat,
1015 1252 1050 1310 in

89 1343 192 1419 fugam
205 1362 268 1402 sese
282 1343 371 1406 dedit,
415 1343 491 1401 Inde
505 1362 556 1401 rex
569 1343 737 1419 accipitrem
757 1343 795 1401 ad
815 1363 846 1402 se
863 1344 932 1402 ferri
949 1346 1048 1421 jussit,

89 1436 251 1513 capitique
275 1436 356 1494 alitia
380 1455 497 1494 auream
517 1455 654 1494 coronam
678 1455 730 1512 pro
752 1441 833 1496 tanti
854 1437 964 1497 virtute
986 1439 1049 1514 ipse

89 1531 240 1608 imposuit.
283 1530 401 1590 Deinde
411 1549 505 1589 unum
516 1549 554 1588 ax
567 1530 604 1588 iis
618 1531 709 1589 servis
723 1531 775 1607 qui
788 1531 943 1590 adstabant
957 1533 1051 1592 securi

86 1624 180 1702 jussit
206 1630 355 1703 percutere
382 1628 471 1700 caput
498 1623 655 1700 proditoria
682 1624 769 1684 alitis.
829 1625 914 1684 “Hic
942 1625 1049 1700 enim,”

89 1718 199 1794 inquit,
215 1719 343 1776 “contra
357 1736 442 1775 suum
462 1735 559 1792 regem
579 1715 694 1775 fortiter
715 1717 766 1775 sed
787 1716 877 1794 impie
893 1718 1048 1797 confligere

91 1831 181 1872 ausus
195 1810 266 1870 est.'’

267 2014 334 2077 114
358 1996 389 2060 A
407 1996 529 2060 Lcsson
545 1996 581 2059 iri
599 1996 693 2061 Good
703 1996 875 2064 Manners.

132 2150 244 2211 Lucina
254 2149 346 2223 Celer,
357 2150 405 2209 vir
413 2151 532 2227 jocosus
542 2149 594 2209 sed
606 2170 719 2224 avarus,
732 2152 785 2228 qui
797 2152 891 2211 multo
902 2153 939 2211 ab
949 2155 1050 2214 amicis

91 2245 262 2322 accipiebat,
274 2243 357 2303 nullo
367 2263 486 2303 munere
497 2263 603 2318 servos,
616 2246 668 2321 qui
679 2245 755 2304 dona
765 2245 905 2319 ferebant,
919 2267 1049 2326 unquam

92 2339 225 2399 donavit.
267 2336 438 2414 Aliquando
460 2357 560 2397 servus
580 2339 710 2414 quidam,
732 2340 851 2399 nomine
870 2340 984 2417 Lyden,
1001 2344 1051 2402 do-

91 2452 175 2492 mum
188 2433 334 2509 ingressus
347 2431 385 2490 ad
399 2432 487 2508 pedes
508 2432 588 2490 avari
608 2432 717 2507 piscem
738 2432 785 2490 his
800 2433 896 2491 verbis
916 2436 1048 2511 projecit,

92 2528 213 2589 “Hunc
240 2527 297 2587 tibi
324 2545 407 2585 maus
437 2526 574 2585 dominus
604 2526 725 2585 mittit.”
782 2527 891 2602 “Quid
923 2532 1049 2605 temen,''

90 2621 244 2699 respondit
258 2620 350 2694 Celer,
368 2624 387 2653 “
395 2626 447 2678 tuo
460 2619 579 2695 ingenio
593 2619 734 2678 incultius
749 2633 810 2679 esse
823 2622 941 2697 potasti
981 2623 1030 2683 En
1042 2628 1049 2687 t

91 2715 150 2774 tibi
162 2734 258 2773 meam
275 2714 373 2773 sedem
393 2714 539 2788 conced03
559 2732 630 2787 mox
650 2732 698 2771 me
718 2714 858 2788 imitatus,
880 2720 933 2776 tuo
954 2717 1049 2778 officio

91 2808 199 2867 melius
218 2808 302 2885 fungi
316 2807 451 2884 poteris.'’
491 2807 567 2865 Tum
581 2806 666 2867 Celer
685 2806 794 2865 humili
814 2808 901 2869 vultu
921 2829 1048 2886 servum,

92 2904 146 2979 qui
156 2904 219 2978 jam
232 2902 325 2978 ipsius
339 2902 437 2960 sedem
457 2900 626 2977 occupabat,
643 2920 810 2977 aggressus5
833 2904 927 2976 “Te’'
940 2905 1048 2982 inquit,

93 2996 169 3055 “vir
181 2996 292 3072 optime
304 3013 387 3054 meus
404 2994 541 3053 dominus
562 2993 672 3053 solvere
690 2994 784 3069 jubet.
829 2994 918 3055 Hunc
939 2999 1048 3075 piscem

93 3090 235 3164 omnium,
257 3107 331 3165 quos
350 3088 383 3147 in
403 3093 507 3163 stagno
527 3087 629 3164 pascit,
651 3087 885 3163 pinguissimum,
901 3097 930 3149 te
951 3099 1062 3153 tamen,

91 3183 147 3242 vix
170 3182 301 3259 dignum,
316 3182 394 3241 dono
415 3180 493 3240 dat''
545 3179 641 3255 “At,”
661 3182 813 3257 respondit
831 3182 946 3260 Lyden,
970 3190 1049 3247 “tuo

93 3276 213 3337 domino
237 3276 344 3353 gratias
367 3293 420 3351 ago
444 3272 625 3351 habeoque,
652 3274 709 3333 tibi
733 3294 850 3353 quoque
875 3296 928 3354 pro
951 3279 1049 3340 labore

93 3372 168 3431 dnoa
187 3388 323 3435 nummos
337 3369 405 3428 dare
419 3368 562 3428 inanimo
577 3368 648 3429 est.’'
689 3368 777 3443 Quod
791 3371 843 3429 ubi
857 3372 940 3431 audit
954 3372 1047 3451 Celer,

92 3466 152 3531 ucri
164 3464 283 3542 ingenio
297 3464 375 3525 servi
388 3463 557 3538 delectatus,
573 3468 632 3524 tres
646 3482 782 3524 nummos
796 3465 824 3523 ei
838 3464 928 3529 dedit.
