2425 3850
449 266 725 338 Transletions.

345 536 413 611 1'49.
436 530 495 593 An
509 529 722 595 Ill-matched
732 530 827 596 Pair.

147 664 251 742 Lupus
278 666 350 725 olim
374 685 439 726 cum
464 667 556 744 vulpe
580 668 750 727 societatem
770 668 933 745 conjunxit„
977 669 1064 729 Henc

105 758 205 834 igitur,
230 760 311 836 quod
338 761 434 820 multo
461 762 605 820 infirmior
628 769 698 835 eret,
720 762 918 839 quodcunque
938 762 990 822 ille
1010 763 1064 822 im·

102 853 228 928 petavii,
250 854 344 913 fecere
372 855 531 931 oportebat«
576 855 756 931 Aliquando,
782 855 854 914 dnm
882 876 933 934 per
956 856 1063 916 silvem

102 945 225 1005 comites
246 947 303 1006 iter
322 948 444 1008 faciunt.
488 953 507 982 ‘⁴
516 949 630 1026 Vulpes
651 949 823 1023 carissime,”
844 950 943 1025 inquit
963 950 1061 1027 lupus,

103 1038 247 1115 “eliquid
259 1040 319 1099 cibi
332 1041 408 1099 mihi
421 1060 510 1117 quem
524 1042 672 1101 celerrime
686 1043 764 1115 effer,
780 1061 826 1115 ne,
841 1042 918 1100 seme
934 1049 1060 1117 coectns,

100 1138 132 1190 te
146 1133 240 1210 ipsum
254 1135 417 1194 devorem.”
459 1135 660 1212 “Equidem''
674 1136 826 1213 respondit
845 1136 950 1213 vulpes
970 1138 1060 1197 minis

99 1229 263 1305 perterrito,
286 1229 393 1288 “haud
413 1231 517 1306 procul
534 1230 572 1288 eb
593 1230 649 1290 hoc
670 1230 734 1289 loco
755 1229 829 1289 duos
849 1245 939 1307 agnos
964 1232 1060 1308 pridie

99 1322 250 1398 conspexi,
265 1341 339 1398 quos
355 1322 494 1381 facillime
515 1323 571 1382 tibi
591 1325 692 1382 efferre
712 1324 840 1400 potero.”
881 1323 980 1398 Quum
1001 1324 1058 1384 hoc

97 1415 179 1474 inter
198 1435 247 1474 eos
267 1416 460 1490 convenisset,
476 1416 581 1493 vulpes
595 1436 633 1475 ex
647 1417 730 1493 egnis
748 1417 872 1476 eliorum
885 1416 923 1475 eb
937 1436 1005 1493 egro
1018 1418 1058 1478 ed

96 1508 204 1585 lupum
213 1509 348 1586 portavit.
382 1508 507 1582 Deinde,
518 1510 619 1568 utsibi
627 1510 740 1586 aliquid
748 1511 902 1583 inveniret,
914 1510 1055 1573 discessit.

96 1603 142 1662 At
154 1603 253 1680 lupus,
268 1604 320 1680 qui
333 1603 416 1662 brevi
429 1624 538 1682 egnum
551 1605 714 1678 devoravit,
730 1625 769 1664 ne
782 1605 838 1664 hoc
852 1606 971 1682 quidem
985 1608 1056 1666 selis

97 1700 262 1770 contentus,
278 1702 313 1756 ut
325 1697 416 1756 allero
430 1698 581 1775 potiretur,
597 1698 661 1774 ipse
681 1698 720 1757 ed
740 1698 818 1757 ovile
831 1699 979 1776 proiectus
999 1707 1054 1762 est.

95 1789 129 1848 Is
139 1797 245 1866 eutem,
257 1791 337 1868 quod
347 1811 409 1850 rem
421 1792 570 1851 incentius
580 1792 648 1869 egit,
660 1812 678 1850 e
691 1798 806 1870 pestere
816 1798 927 1870 ceptus,
938 1792 981 1851 ita
993 1812 1056 1870 gre·

94 1883 172 1944 viter
182 1885 350 1944 verberatus
360 1891 413 1959 cst,
424 1892 460 1945 ut
468 1904 573 1964 corpus
585 1886 625 1945 ed
635 1885 741 1946 silvam
755 1887 808 1947 vix
818 1886 932 1947 trahere
946 1895 1052 1964 possen

337 2106 404 2175 150.
432 2093 802 2179 Greedinesspunztehed.

132 2228 254 2289 Postero
268 2230 317 2290 die
330 2230 419 2307 lupus
432 2231 469 2291 de
482 2232 543 2291 suis
556 2232 674 2309 injuriis
687 2238 816 2309 questus,
829 2254 847 2292 e
860 2235 965 2294 comite
978 2234 1050 2295 fecti

89 2322 286 2400 imprudentis
299 2324 486 2384 vehementer
508 2326 659 2385 incusatus
683 2332 745 2401 esi3
774 2327 900 2386 “Hodie
921 2330 1049 2404 lemen‚”

89 2417 190 2494 inquit
199 2417 314 2494 vulpes,
326 2419 380 2477 “si
392 2437 507 2477 mecum
517 2420 618 2477 venire
628 2420 682 2492 vis,
695 2424 811 2478 lentum
824 2420 892 2493 cibi,
903 2427 1048 2497 quantum

90 2511 174 2572 *edere
196 2513 305 2589 poteris
324 2512 382 2571 tibi
402 2512 505 2571 debo.”
545 2513 649 2589 Lupus
670 2513 761 2589 igitur
780 2514 901 2591 vulpem
920 2522 1057 2591 moetus,-

89 2606 226 2665 horreum
239 2606 380 2682 egricolee
390 2606 543 2682 cujusdem
555 2607 630 2665 rimi
644 2605 724 2666 heud
739 2606 782 2665 ite
794 2612 899 2685 megnd
912 2609 1045 2672 intravit.

89 2698 157 2772 ch,
179 2718 272 2775 quum
295 2700 391 2758 cernis
417 2699 575 2758 meximem
602 2700 717 2777 copiem
744 2701 935 2776 invenissent,
958 2704 1045 2764 embo

88 2793 215 2872 dapibus
236 2793 398 2870 inopinatis
418 2794 497 2852 vesci
518 2794 674 2870 incipiunt
717 2794 830 2871 Vulpes
849 2801 948 2854 eutem
969 2797 1047 2857 inter

88 2886 235 2946 ddendnm
256 2886 295 2945 ed
316 2887 420 2945 rimem
442 2886 608 2946 cursitabat
653 2885 759 2946 Subito
781 2888 885 2965 ingene
905 2892 1045 2968 strepitus

87 2980 206 3039 unditus
233 2986 285 3039 esu
342 2979 520 3039 Pendunlur
545 2987 653 3057 portus.
708 2980 799 3040 Inruit
825 2983 951 3060 agricole
977 3004 1044 3045 cum

85 3075 180 3135 securi
200 3076 319 3152 ingente
338 3081 474 3134 eumelus
516 3074 592 3134 Inde
607 3074 719 3151 vulpes,
734 3095 808 3152 quee
821 3076 902 3137 haud
916 3078 1044 3138 multum

86 3168 185 3228 {ederet
204 3168 278 3228 rime
291 3187 322 3227 se
335 3167 547 3244 fecileeripuit
556 3188 565 3241 3
584 3167 674 3244 lupus
693 3174 792 3227 lemen
812 3174 929 3229 tentum
948 3173 1044 3232 cernis

85 3262 283 3337 devomveret,
297 3268 333 3321 nt
345 3279 450 3338 corpus
463 3262 494 3319 in
509 3261 583 3321 rimie
595 3260 732 3322 haereret
840 3252 844 3261 ’

125 3356 264 3433 Agricola
271 3356 468 3433 igitur,qunm
476 3373 544 3414 eum
555 3354 648 3414 securi
657 3355 859 3431 interfecisset,
866 3362 956 3434 ceput
965 3363 1043 3436 post·

83 3450 261 3511 ibuseffixil.
273 3450 339 3526 Quo
344 3450 1039 3529 exemplofureeinpoetemmerepinisdelermit.
