2425 3850
417 698 486 765 137.
515 681 582 746 The
594 682 740 747 Praetor
744 679 892 764 puzzled.

212 863 300 924 Forte
314 870 404 925 nauta
417 867 546 942 quidem,
562 868 614 943 qui
628 885 714 926 mene
727 867 765 926 ed
778 885 883 925 navem
897 885 981 925 suam
1000 865 1128 941 redibat,

171 957 343 1036 imprudens
356 961 478 1020 cadaver
491 978 544 1020 suo
561 961 635 1037 pede
655 961 804 1038 percussit
850 961 909 1020 Hic
929 965 1038 1033 autam,
1053 961 1129 1020 dum

168 1053 312 1111 attonitus
332 1072 436 1131 corpus
457 1055 601 1128 observat,
616 1054 696 1131 quod
716 1055 748 1113 vi
768 1055 844 1113 ictus
865 1054 1012 1131 dejectum
1039 1054 1129 1113 humi

167 1146 293 1222 jacebat,
309 1166 327 1205 a
339 1147 492 1206 lictoribus
505 1147 585 1224 apud
598 1148 767 1207 Praetorem
780 1147 935 1207 Urbanum
950 1148 1057 1206 ductus
1071 1153 1126 1206 est.

163 1239 238 1314 Qui,
254 1245 407 1316 postquam
421 1260 537 1299 causam
551 1241 654 1314 audiit,
670 1245 791 1299 nautam
811 1241 904 1300 securi
924 1242 1005 1299 feriri
1023 1243 1123 1318 jussit

169 1333 246 1393 Inde
257 1334 329 1393 dum
342 1335 459 1393 lictores
472 1336 597 1393 securim
611 1341 729 1408 acuunt,
744 1354 761 1393 e
775 1335 861 1394 turbe
871 1335 1126 1394 circumstantium

169 1427 289 1486 exsiluit
323 1434 472 1501 mercator,
501 1447 695 1506 poenamque
728 1433 835 1486 nautes
864 1429 921 1487 sibi
948 1428 1123 1490 vindicavit

167 1520 288 1580 Praetor
309 1522 406 1599 igitur,
429 1523 484 1581 etsi
505 1522 615 1581 virtute
635 1522 765 1582 hominis
785 1520 947 1582 delectatus
968 1528 1021 1596 est,
1043 1523 1126 1599 quod

167 1614 260 1691 legem
281 1617 426 1693 negligere
453 1617 559 1692 noluit,
581 1621 702 1676 nautam
722 1635 739 1675 e
758 1616 887 1676 uinculis
905 1617 997 1676 eximi
1017 1637 1126 1677 merca·

167 1713 327 1784 torem-que
337 1710 375 1768 ad
389 1710 489 1787 pulum
503 1710 624 1788 deligari
634 1710 731 1787 jussit
774 1710 819 1768 At
831 1710 918 1769 lictor
931 1711 984 1769 ubi
998 1712 1124 1770 securim

168 1802 206 1860 ad
216 1803 393 1879 supplicium
405 1805 580 1864 sumendum
591 1801 757 1880 sotulares,
768 1804 868 1864 subito
879 1805 1002 1865 clamore
1014 1812 1122 1880 motus,

168 1893 259 1954 ictum
274 1897 437 1958 intermisit

415 2211 418 2216 ‚
451 2241 519 2320 138.
542 2238 694 2323 Brouglzt
707 2250 739 2304 to
753 2239 839 2321 Life.

211 2422 287 2481 Inde
301 2422 431 2482 medicus
444 2429 604 2501 sartorque
619 2423 707 2482 simul
721 2422 820 2498 locuti,
835 2442 866 2482 se
880 2422 993 2482 sceleris
1004 2422 1125 2482 admissi

171 2522 387 2576 accusaverunt
431 2517 517 2592 Quod
537 2519 590 2577 ubi
610 2518 705 2576 audiit
724 2517 854 2592 Praetor,
871 2522 963 2576 totum
984 2536 1045 2575 rem
1065 2517 1124 2577 sibi

171 2611 281 2668 namuri
304 2612 401 2685 jussit
444 2610 493 2670 De
519 2616 577 2689 qui
604 2611 709 2671 certior
734 2610 837 2684 factrus,
867 2612 1034 2687 quod‘rem
1063 2617 1124 2669 tam

171 2703 366 2780 multiplicem
380 2706 524 2781 explicare
538 2723 600 2764 non
614 2709 735 2782 poterat,
750 2723 851 2763 omnes
864 2704 943 2781 apud
956 2704 1124 2780 Augustum

172 2797 251 2856 trahi
266 2799 361 2873 jussit
405 2798 556 2875 Augustus
570 2800 669 2876 igitur,
683 2817 721 2856 ne
735 2817 793 2874 quo
807 2816 900 2856 errore
914 2797 1071 2870 falleretur,
1087 2817 1125 2857 ex

172 2891 234 2949 suis
253 2890 382 2964 medicis,
403 2911 489 2967 quem
511 2892 720 2969 peritissimum
745 2890 873 2963 haberet,
895 2891 1000 2950 arcessi
1023 2892 1120 2967 jussit

174 2984 234 3044 Hic
246 2993 353 3057 autem,
365 3005 470 3062 corpus
483 2985 616 3045 tibicinis
630 2984 786 3062 diligenter
798 2989 952 3055 scrutatus,
964 3004 1016 3043 suo
1031 2984 1124 3061 digito

175 3098 208 3138 os
223 3099 260 3139 ex
270 3085 388 3157 gutture
398 3080 456 3138 viri
465 3080 732 3139 tendemextraxit.
775 3079 911 3151 luderes,
921 3078 996 3137 mihi
1006 3079 1126 3155 quidem

175 3168 256 3233 haud
277 3173 432 3246 credibilis,
447 3175 578 3233 evenisse
598 3174 713 3233 dicitur.
757 3172 879 3231 Tibicen
898 3172 987 3245 enim,
1002 3172 1056 3249 qui
1075 3190 1126 3249 per

175 3267 232 3326 hoo
256 3285 341 3325 omne
364 3271 481 3342 tempus
501 3271 634 3325 mortuus
657 3285 719 3325 esse
739 3265 904 3340 videbatur,
925 3266 1039 3342 ingenti
1061 3284 1126 3324 cum

175 3360 287 3437 gemitu
301 3360 432 3419 animum
445 3360 563 3437 recepit,
573 3377 741 3436 omnesque
754 3357 828 3418 ftlso
842 3358 938 3419 coedis
952 3359 1073 3418 crimine
1086 3359 1126 3419 ita

175 3454 317 3514 liberavit
