2425 3850
421 257 699 327 Translations.
1000 259 1039 324 tt

78 447 273 509 celebrabant.
317 449 381 510 Ubi
406 469 444 509 ex
468 453 514 510 tot
538 449 683 512 divitibus
707 469 794 511 nemo
818 470 917 528 preces
937 451 1037 511 audire

77 541 184 617 voluit,
212 543 385 620 piscatorem
423 561 589 622 pauperem,
626 543 678 622 qui
713 544 857 619 adstabat,
893 545 1036 606 auxilium

77 643 261 714 rogaverunt
308 637 403 711 “At''
427 637 578 715 respondit
601 637 662 712 ille,
685 641 758 698 “est
781 639 855 699 mihi
879 658 933 699 nec
954 639 1037 699 cibus

77 749 133 790 nec
147 735 301 808 argentum
315 730 403 806 domi,
419 732 499 809 quod
520 731 677 791 continuae
697 735 885 809 tempestates
905 732 999 811 pisces
1019 752 1037 793 a
1084 808 1088 818 ¹

77 824 188 884 nostrie
198 823 256 883 oris
265 824 442 901 jamdudum
453 823 615 904 depellunt.
659 824 693 885 si
702 829 801 885 tamen
811 845 924 886 mecum
935 826 1037 887 venire

77 916 181 992 vultis,
196 917 272 977 hanc
293 923 409 978 noctem
430 919 486 979 sub
506 936 571 978 mec
592 922 669 978 tecto
683 919 861 996 requiescere
875 918 1036 997 poteritis.''

77 1011 157 1071 Inde
177 1011 313 1084 educam,
329 1012 380 1089 qui
403 1012 473 1072 laeti
492 1011 668 1073 beneficium
689 1013 847 1089 accipiunt,
863 1013 984 1073 domum
998 1013 1036 1074 ad

78 1123 203 1164 uxorem
222 1104 312 1164 ducit
356 1103 414 1163 Illa
435 1112 532 1165 autem
554 1111 673 1178 maesta,
695 1105 774 1182 quod
795 1105 883 1183 digno
907 1105 1036 1185 hospitio

79 1197 209 1258 advenas
230 1215 292 1256 non
313 1202 409 1275 pateat
429 1197 565 1275 accipere,
582 1197 693 1257 loculos
713 1217 829 1272 vacuos,
845 1198 962 1277 inopiae
982 1199 1036 1276 sig·

78 1309 162 1366 num,
186 1287 323 1350 ostendit.
378 1290 483 1351 Subito
507 1290 545 1350 ad
568 1295 674 1350 terram
699 1290 839 1351 decidunt
866 1309 943 1351 asses
967 1292 1035 1354 duo,

79 1385 222 1457 Piscator,
237 1383 378 1444 miraculo
391 1384 544 1460 attonitus,
558 1385 663 1445 vinum
684 1385 851 1462 cibumque
873 1385 944 1444 emit
952 1407 962 1461 3
983 1405 1038 1445 nec

80 1477 204 1556 posthac
218 1477 321 1537 durem
336 1483 538 1556 paupertatem
552 1477 672 1554 terebat,
685 1497 836 1556 uunquam
848 1479 926 1539 enim
934 1479 1039 1540 loculis

80 1573 213 1633 deerant
226 1571 322 1632 divini
335 1591 420 1632 asses.

365 2039 415 2104 82.
444 2036 512 2103 rae
528 2036 650 2103 eoam
665 2036 763 2121 roas

121 2240 239 2320 Lyden,
255 2240 379 2319 agricola
392 2262 504 2321 pauper
523 2242 575 2303 sed
589 2242 707 2322 probus,
722 2242 881 2321 aliquando
895 2258 961 2301 cum
977 2238 1038 2299 iilic

80 2338 188 2400 iidcbat
215 2356 338 2416 parvum
366 2358 480 2418 panem,
507 2358 596 2417 quem
623 2339 715 2400 totius
739 2339 799 2400 diei
826 2338 958 2398 mercede
984 2336 1037 2396 rix

78 2438 197 2494 emerat.
240 2430 322 2492 Dum
343 2452 416 2511 puer
429 2433 567 2494 dentibus
585 2452 668 2493 suam
688 2438 800 2511 partem
820 2432 905 2509 panis
918 2430 1036 2509 irrugit,

78 2526 245 2605 complures
269 2528 383 2586 nummi
410 2526 498 2604 aurei,
519 2528 572 2606 qui
599 2528 633 2586 in
660 2528 725 2587 cibo
753 2525 862 2586 occulti
889 2530 981 2597 crant,
1004 2524 1037 2582 in

77 2620 223 2700 gremium
237 2620 301 2697 ejus
316 2620 495 2683 deciderunt.
538 2620 604 2681 Hoc
618 2622 670 2680 ubi
683 2620 766 2681 videt
779 2639 859 2698 puer,
874 2621 891 2652 ‘⁴
900 2617 1037 2696 Accipe,”

78 2714 180 2793 inquit
204 2713 280 2773 laeti
304 2732 382 2787 voce,
407 2719 524 2792 “pater,
549 2714 603 2775 hos
627 2733 771 2786 nummos,
793 2732 866 2791 quos
890 2712 963 2773 deus
986 2712 1038 2772 aii·

77 2810 147 2887 quia
181 2806 246 2883 tibi,
280 2808 461 2885 paupertatis
495 2809 665 2882 remedium,
701 2806 833 2868 tribuit”
882 2806 1036 2866 “Minime

76 2898 252 2976 carissime,”
273 2901 424 2978 respondit
445 2907 535 2980 pater,
558 2902 741 2978 “pecuniam
761 2900 862 2979 potius
880 2899 1035 2960 redddmua

74 2995 191 3075 pistori,
217 2994 278 3072 qui,
304 2994 375 3054 dum
395 3013 502 3073 panem
531 2996 639 3073 coquit,
665 2994 819 3073 pecuniam
846 3013 914 3054 cum
941 2994 1062 3053 ferini·

77 3089 247 3166 nescio-quo
268 3108 336 3148 casu
357 3088 501 3149 miscuit.”
543 3089 615 3151 Siue
635 3109 716 3150 mora
736 3089 822 3149 ambo
841 3090 879 3149 ad
895 3088 1033 3167 piatorem

76 3189 236 3261 properant
256 3201 385 3261 remque
409 3188 535 3245 narrant
582 3183 660 3244 Tum
687 3182 748 3257 iile,
776 3182 901 3242 “Macte
924 3182 1035 3242 virtute

75 3276 204 3355 Lydcn5
234 3276 392 3350 iortunam,
421 3294 509 3355 quam
540 3277 616 3339 bene
646 3277 787 3351 meruisti,
819 3296 923 3354 carpe,
953 3276 1034 3335 hunc

76 3370 157 3431 euim
179 3386 293 3447 panem,
312 3370 399 3447 jussu
419 3370 505 3449 regis,
526 3371 562 3448 ei,
584 3390 674 3450 quem
693 3369 796 3432 inveni
816 3368 1034 3449 probissimum,

75 3464 206 3525 libenter
219 3462 285 3523 do.”
