2425 3850
447 240 726 308 munitione.
1025 244 1068 301 53

108 432 307 508 perfirgerunt
350 433 417 491 Rex
437 434 536 510 igitur,
550 434 603 510 qui
621 434 791 510 junioribus
809 434 1065 512 eernpcrferebet,

108 526 273 586 Robertum
286 527 319 585 in
333 527 471 585 exsilium
484 527 634 604 relegerit.

314 737 366 804 77.
388 723 479 786 Horo
493 731 526 786 to
530 724 643 806 plcase
655 723 870 805 Eocrybody!

151 859 250 919 Senex
274 860 403 934 quidam,
429 861 482 936 qui
504 861 621 919 urinum
644 860 772 920 vendere
790 861 896 932 voluit,
917 879 985 919 cum
1003 860 1067 918 filio

107 974 178 1012 curn
191 953 230 1011 ed
242 955 345 1012 urbem
358 954 492 1013 ducebat.
536 955 611 1013 Mox
628 960 784 1013 occurrunt
803 954 892 1013 choro
906 954 1065 1030 uirginum,

106 1067 184 1124 quec
208 1047 287 1105 done
309 1047 348 1106 ed
370 1047 482 1124 temple
505 1047 658 1106 Minervoe
681 1048 847 1124 portabunt.
902 1047 1066 1118 “Hercle”

106 1142 218 1216 inquit
229 1161 268 1199 cx
277 1141 326 1199 his
336 1143 465 1199 maxima
475 1149 557 1213 netu,
570 1145 589 1173 “
597 1141 755 1218 numquid
764 1146 862 1218 poteet
871 1160 933 1199 eme
943 1141 1065 1200 stultiue

106 1235 178 1308 illis,
193 1236 247 1310 qui
260 1235 385 1311 mdibus
399 1235 455 1293 iter
468 1235 591 1307 fuciunt,
605 1254 661 1293 nec
674 1236 757 1293 ueino
770 1234 957 1294 vehunturl''
997 1234 1064 1293 Hoc

104 1329 162 1387 nbi
185 1329 302 1387 audivit
327 1348 428 1402 senex,
450 1329 546 1386 filium
569 1329 686 1387 asinum
706 1328 898 1387 conscendere
913 1327 1014 1404 jueeit,
1034 1336 1065 1386 et

105 1424 172 1499 ipee
192 1423 280 1481 alacri
300 1441 400 1499 gressu
420 1423 478 1480 iter
497 1423 643 1499 pergebat
685 1423 757 1481 Nou
775 1421 879 1498 procul
898 1421 984 1479 abeo
999 1421 1065 1479 loco

106 1516 201 1592 aliqui
228 1536 312 1574 eenee
338 1535 501 1574 sermonem
528 1516 606 1574 iuter
629 1535 661 1574 ee
684 1515 827 1574 serebant.
876 1514 954 1572 Tum
976 1534 1064 1586 unus,

107 1610 253 1680 “Eheu‚”
280 1609 388 1684 inquit,
417 1613 591 1684 “quantuni
617 1614 749 1685 ternpore
775 1610 945 1667 mutentur!
1000 1606 1065 1666 Ubi

105 1722 188 1760 nunc
211 1707 256 1760 est
278 1702 330 1760 ille
349 1703 509 1760 senectutis
529 1702 665 1778 proprius
684 1703 798 1776 h0n013
816 1700 905 1759 docili
924 1720 963 1759 ex
981 1700 1065 1759 eeiuo

105 1815 182 1873 puer
193 1795 359 1872 impudens,
371 1801 402 1853 ct
415 1796 492 1872 putri
503 1793 601 1854 cede”
641 1795 717 1853 Inde
726 1795 858 1872 juvenis,
869 1814 957 1870 quem
970 1794 1065 1871 pudor

105 1890 180 1949 fecti
199 1890 264 1966 jem
288 1895 396 1963 movet,
418 1888 550 1948 celeriter
569 1888 612 1961 id,
634 1888 714 1966 quod
734 1888 794 1947 eibi
813 1889 990 1967 imperatum
1009 1894 1063 1962 eet,

104 1984 188 2057 fecit,
203 2003 361 2059 senexque
373 1983 501 2042 invicem
515 1984 631 2043 cunum
644 1983 821 2043 uoneceudit.

195 2176 246 2256 78.
267 2176 359 2239 How
373 2184 405 2238 to
411 2175 522 2257 please
534 2175 569 2238 E
569 2175 753 2257 vmbody!
773 2174 983 2258 (continued).

147 2313 237 2371 Forte
263 2313 313 2371 vie
346 2312 508 2370 secundum
534 2312 646 2371 flumen
673 2312 808 2386 ducebat,
835 2312 869 2370 in
903 2331 962 2388 quo
988 2312 1064 2373 duee

104 2409 233 2467 feminee
253 2412 351 2464 vestes
370 2406 518 2465 levabant
561 2406 636 2479 Hae,
658 2406 711 2464 ubi
724 2406 851 2464 victores
870 2406 985 2478 vident,
1003 2412 1065 2466 uni

103 2521 178 2562 voce
191 2498 394 2559 crudelitatem
407 2500 508 2575 patrie,
522 2499 647 2576 filiique
660 2499 767 2557 durum
787 2499 916 2557 laborem
936 2499 1061 2576 plorent.

104 2596 205 2657 Senex
224 2596 324 2671 igitur,
346 2594 399 2671 qui
418 2594 556 2652 omnibus
576 2595 690 2670 placere
702 2594 778 2668 vult,
800 2613 924 2669 puerum
944 2600 1013 2671 poet
1031 2615 1063 2654 ee

103 2690 206 2749 redire
225 2689 321 2765 jubet
365 2687 430 2745 Nec
453 2693 553 2746 tamen
576 2707 611 2745 ee
632 2707 679 2746 ree
702 2706 838 2764 prospere
857 2688 965 2761 evenit,
983 2690 1063 2766 quod

103 2789 182 2847 alius
191 2788 289 2846 vietor
298 2786 351 2861 qui
360 2786 398 2843 iis
409 2786 540 2845 occurrit
585 2785 635 2845 “O
643 2786 858 2863 impudentium
871 2786 1064 2847 nefandam!”

103 2881 214 2957 inquit,
237 2878 381 2937 “lucilius
401 2879 524 2954 potestis
547 2878 664 2936 usinum
686 2880 745 2955 ipei
766 2879 879 2952 vehere,
899 2899 988 2957 quem
1008 2901 1063 2940 voe

104 2976 245 3033 miserum
258 2972 394 3031 animm
434 2971 511 3029 Tum
521 2992 621 3045 senex,
633 2972 685 3049 qui
697 2992 736 3032 ne
748 2972 781 3031 id
794 2974 914 3049 quidem
926 2974 1061 3051 ineptum

102 3068 237 3147 putabet,
253 3072 408 3143 postquem
421 3084 503 3123 crure
516 3066 592 3124 acini
601 3066 725 3125 funibus
737 3066 776 3126 ed
788 3086 928 3143 magnum
940 3075 1061 3127 contum

102 3162 248 3234 vinxerat
263 3178 375 3218 novum
388 3178 463 3217 onue
476 3178 543 3217 cum
557 3160 686 3218 maximo
699 3160 799 3219 labore
811 3161 845 3219 in
857 3180 926 3219 euos
939 3160 1061 3238 filiique

103 3257 242 3315 humeros
255 3252 429 3312 sublevavit.
473 3252 517 3309 At
537 3254 646 3327 asinus,
667 3254 716 3313 cui
734 3253 807 3313 haec
826 3255 949 3313 minime
969 3254 1061 3331 plece

103 3350 188 3421 bant,
202 3347 275 3405 dum
289 3350 379 3422 ponte
392 3345 504 3404 flumen
516 3348 731 3422 transmittunt,
745 3348 843 3407 subito
859 3348 927 3406 nisu
941 3348 1060 3408 vincule

102 3443 225 3521 rumpit,
240 3446 270 3501 et
283 3440 315 3499 in
330 3459 436 3516 equam
448 3440 663 3519 praecipitetur.
