2425 3850
170 250 211 310 5⁰
508 246 789 314 Mation&

169 438 331 500 admonuit
375 441 394 472 “
405 439 484 499 Mihi
493 439 616 516 quidem
628 440 663 499 in
674 441 776 500 euimo
784 445 840 513 est,
851 440 984 500 omnium
996 457 1138 498 meorum

169 532 280 592 civium
293 533 426 592 fortunas
438 552 619 610 cognoscere.
659 534 707 593 ’l'u
719 534 801 593 bunc
820 534 951 594 leborem
971 552 1025 610 pso
1045 538 1137 610 petre

169 626 291 704 suscipe.
333 628 381 686 En
394 627 453 686 tibi
466 627 546 686 bunc
559 628 711 687 csbtbum
723 648 847 688 ovorum
858 628 990 706 plenum,
1004 627 1137 703 bosque

169 719 229 778 duo
242 739 332 796 equoe
345 721 504 780 committo
546 720 602 792 Tu,
613 720 687 780 dum
699 721 804 780 urbem
816 721 984 799 perlustras,
995 719 1025 779 ei
1038 739 1136 779 ovum

169 813 216 886 du
231 832 422 890 quoscunque
434 832 521 872 suum
534 815 691 890 conjugem
704 815 799 892 regin
818 835 884 874 enm
896 819 1006 886 sutem,
1022 833 1101 891 quse
1116 834 1135 872 s

168 909 293 984 conjuge
301 908 418 984 regitur,
428 926 504 984 equo
514 907 618 967 donn'
652 908 749 968 Filius
758 910 815 968 emi
822 929 884 968 rem
893 908 1058 984 intelligere
1069 927 1135 967 non

168 1005 275 1078 potest,
288 1002 418 1078 peremtis
435 1006 535 1060 temen
548 1001 688 1060 mandute
707 1003 830 1079 perficit.
872 1002 938 1061 Ubi
950 1001 989 1059 ed
1001 1002 1133 1078 primum

168 1095 290 1154 domum
313 1094 444 1168 sdvenit,
468 1113 571 1154 vocem
598 1115 731 1172 asperum
754 1096 871 1155 audivit
892 1096 1028 1170 feminee,
1054 1115 1133 1172 quse

168 1188 208 1248 ob
221 1189 318 1247 nescio
330 1208 418 1266 quum
433 1207 550 1247 ceussm
563 1189 683 1266 conjugi
695 1189 896 1248 maledicebat.
942 1189 1024 1247 Huic
1038 1208 1133 1249 ovum

168 1281 259 1341 dedit.
309 1281 427 1340 Deinde
447 1281 568 1340 alterum
587 1281 709 1341 domum
730 1283 815 1359 petit,
835 1287 894 1358 qui
913 1284 1025 1358 conjux
1045 1288 1133 1341 extre

167 1381 282 1454 portem
294 1375 400 1447 stabat,
415 1375 496 1452 quod
508 1395 584 1434 uxor
597 1395 667 1434 eum
685 1377 764 1436 forne
783 1382 956 1450 extruserat,
970 1376 1044 1435 dum
1065 1377 1131 1454 ipsa

169 1471 290 1530 domum
302 1470 401 1529 verrit.

314 1952 365 2018 72.
393 1937 460 2001 The
474 1937 597 2001 Basket
610 1940 654 2020 os
659 1940 755 2023 Eggs
769 1938 981 2023 (continued).

209 2136 286 2196 Inde
305 2136 426 2212 juvenis
446 2135 485 2194 sd
508 2136 604 2217 mults
627 2136 761 2195 aedificio
780 2138 838 2196 iter
856 2137 991 2210 faciebat,
1013 2135 1127 2194 nullum

168 2237 268 2290 tamen
277 2230 417 2289 feminam
431 2230 579 2289 mendatis
589 2230 649 2289 viri
657 2231 845 2291 obedientem
855 2232 990 2290 invenire
1002 2235 1125 2307 poteret.

168 2324 293 2402 Vesperi
302 2324 355 2383 ubi
365 2343 458 2382 unum
469 2324 557 2383 modo
565 2344 656 2383 ovum
665 2326 699 2383 in
708 2325 825 2384 celetbo
836 2324 974 2383 menebst
984 2324 1023 2382 ed
1033 2343 1128 2382 cosam

168 2419 316 2497 quondum
332 2418 462 2490 edvenit,
484 2419 569 2494 cujus
589 2419 704 2479 incolae
724 2419 894 2478 coemebant
937 2418 982 2476 Hi
1001 2417 1127 2493 benigne

164 2517 307 2592 juvenem
330 2513 487 2589 occipiunt,
512 2519 690 2589 vocantque
717 2512 757 2571 ed
783 2532 911 2572 coenem.
967 2511 1001 2570 Is
1027 2512 1123 2587 igitur,

167 2609 240 2667 dum
253 2608 379 2665 libenter
392 2610 503 2678 coenet,
517 2624 614 2665 mores
633 2607 788 2683 utriusque
801 2595 960 2682 diligenter
979 2605 1122 2676 observet,

167 2702 330 2778 lectusque
349 2700 502 2759 mulierem
521 2699 661 2776 pudicam
681 2700 838 2776 cognoscit,
853 2719 928 2775 quse
947 2717 1061 2776 semper
1076 2700 1123 2777 (ut

166 2794 298 2873 videtum)
319 2794 439 2871 conjugi
459 2798 549 2869 peret
592 2793 670 2852 Tum
689 2794 821 2869 juvenis,
845 2797 864 2825 “
875 2794 986 2851 Tantae
1005 2792 1123 2851 virtutis

167 2890 329 2969 proemium
348 2887 435 2947 vobis
454 2887 575 2945 reddere
594 2887 627 2945 in
648 2888 747 2946 enimc
767 2892 820 2946 eet
872 2885 951 2945 Sunt
970 2885 1045 2943 mibi
1064 2884 1121 2943 duo

168 2984 245 3062 equi,
261 2983 332 3042 hsec
348 2981 424 3053 ulbe,
439 2980 493 3039 ille
512 2985 613 3039 eutem
632 2981 721 3056 niger.
764 2982 813 3039 Ex
832 2980 881 3038 his
895 2980 980 3038 vobio
999 2979 1120 3037 alterum

168 3080 263 3155 debo;
283 3082 385 3136 utrum
398 3073 582 3134 mavultist”
625 3077 644 3107 “
654 3074 808 3151 Nigrum‚'’
821 3092 891 3133 vero
903 3073 1055 3150 rospondit
1066 3072 1118 3131 vir.

169 3178 236 3237 “At
245 3196 263 3237 o
273 3173 446 3236 stultissime
459 3170 549 3246 tsce,'’
563 3171 709 3231 exclamat
719 3171 838 3243 femine,
851 3170 1014 3247 “equidem
1027 3169 1119 3228 elbum

168 3292 272 3350 equom
286 3269 373 3343 mulo,
384 3285 438 3326 nec
449 3265 506 3325 tibi
520 3266 553 3325 in
566 3266 622 3325 hec
635 3285 667 3324 re
681 3285 781 3342 perere
790 3264 885 3324 volo.”
926 3264 970 3323 At
982 3264 1118 3339 Princeps

167 3385 235 3426 cum
258 3365 320 3423 risu
344 3379 434 3420 ovum
458 3358 519 3417 suis
542 3358 712 3435 hospitibus
735 3359 796 3431 det,
817 3358 931 3436 etipse
952 3376 1020 3417 cum
1040 3355 1118 3434 equis

168 3456 340 3521 domum¹ed
354 3460 465 3533 petrem
480 3472 511 3512 se
525 3453 636 3530 recipit
