2425 3850
420 254 697 340 lumlatione.

398 532 448 613 85.
476 529 543 594 Tlu
556 530 728 596 Bearskin.

121 682 257 742 Venator
270 681 399 760 quidam,
415 682 464 742 eui
477 682 555 743 nihil
568 688 630 743 erat
643 683 764 761 argenti,
774 682 905 761 Capuam
919 680 956 740 ad
969 698 1044 739 mer·

81 783 211 838 datorem
234 777 298 839 ivit.
356 778 515 852 “Via-ness’
538 777 647 855 inquit,
677 780 798 836 “emere
824 795 908 836 ureae
934 775 1043 854 pellem

81 871 393 950 praestantissimam.”
455 871 641 947 “Maxime''
675 872 826 951 respondit
863 872 921 932 ille
985 869 1044 931 Cui

80 975 215 1043 venator,
239 969 365 1028 “Hodie
385 969 504 1046 quidem
529 989 592 1028 earn
616 967 678 1029 tibi
700 971 800 1029 afferre
826 989 888 1029 uon
915 987 1044 1046 porrum,

83 1062 165 1140 quod
182 1061 316 1121 nondum
335 1081 433 1122 ursam
453 1063 595 1137 interleei,
610 1069 642 1124 et
654 1063 755 1141 paucio
768 1062 874 1123 diebue
887 1082 954 1122 oum
968 1061 1046 1140 pelle

84 1155 215 1216 redibo.”
269 1157 413 1215 Mercator
433 1161 541 1230 tamen,
562 1157 616 1234 qui
640 1175 792 1234 nunquam
812 1157 902 1216 silvae
921 1156 1045 1228 viderat,

85 1267 148 1308 non
172 1249 261 1308 modo
285 1249 312 1308 ei
333 1249 462 1310 multum
481 1251 595 1328 argenti
615 1251 706 1325 dedit,
721 1251 773 1310 sed
794 1251 883 1310 etiarn
902 1250 966 1326 ipee
979 1268 1047 1308 eum

85 1351 227 1406 venatore
237 1345 275 1406 ad
284 1347 381 1406 loonm
392 1348 434 1407 iro
444 1348 604 1408 constituit.
649 1347 712 1408 Ubi
726 1348 764 1407 ad
777 1348 883 1408 silvam
892 1351 1049 1420 venerunt,

86 1459 159 1499 mox
183 1441 277 1518 ipsam
299 1441 438 1501 viderunt
464 1461 570 1516 ursam,
597 1460 671 1519 quae
698 1442 782 1501 tardo
808 1461 907 1520 gressu
935 1440 973 1499 ad
1000 1459 1051 1500 eor

86 1533 250 1593 incedebat
293 1534 369 1593 Tum
390 1537 559 1612 perterritus
580 1534 710 1594 arborem
734 1535 866 1594 aseendit
889 1536 1051 1609 mereatum

89 1634 121 1688 at
140 1646 238 1688 eomes
259 1627 373 1702 infelix,
390 1629 442 1706 qui
462 1629 562 1706 lugere
582 1648 643 1689 nou
663 1634 786 1706 poterat,
802 1627 882 1705 quod
895 1628 984 1687 armis
997 1627 1051 1686 im-

89 1722 215 1800 peditus
231 1727 284 1794 eet,
299 1723 423 1800 projecit
443 1742 474 1783 re
494 1724 662 1797 interram,
676 1729 869 1799 mortem-que
890 1721 1049 1782 simulavit

90 1817 186 1877 Ursae
215 1817 303 1888 enim,
327 1817 383 1876 etsi
410 1817 545 1876 homines
567 1817 652 1878 vivos
679 1818 808 1877 maximi
829 1817 862 1877 vi
883 1835 1052 1894 oppugnare

89 1910 196 1986 solent,
219 1909 359 1971 mdauera
379 1918 497 1989 tangere
517 1910 632 1973 uolunt
680 1911 787 1990 Itaque
806 1932 875 1971 urse
894 1917 1051 1990 postquam

89 2023 196 2065 nasum
210 2006 323 2083 corpori
336 2006 401 2083 ejus
414 2006 583 2067 admoverat
596 2026 683 2066 reuco
697 2026 764 2066 oum
774 2006 893 2066 fremitu
908 2005 1052 2067 dieoeaeit.

399 2278 449 2342 86.
474 2277 745 2359 &If-Rostraint.

128 2428 299 2489 Voluerunt
313 2429 385 2489 olim
398 2430 535 2490 animalia
547 2449 659 2491 novum
673 2450 767 2489 creare
780 2449 885 2507 regem,
900 2431 981 2508 quod
994 2430 1052 2508 leo,

86 2522 142 2600 qui
162 2542 285 2599 regnum
305 2530 392 2583 autea
412 2524 588 2598 obtinuerat,
603 2530 772 2584 avenatore
791 2524 919 2601 quodam
939 2526 1053 2586 oeoieue

86 2620 159 2675 erat
203 2616 308 2694 Itaque
329 2626 408 2677 oerto
428 2618 476 2677 die
497 2618 609 2693 eimiue,
624 2618 709 2695 eujus
725 2620 793 2694 jooa
813 2619 916 2678 oeterie
935 2638 1053 2697 magno

86 2728 158 2788 pera
172 2710 335 2787 placebant,
348 2712 492 2789 suffragiis
503 2712 636 2776 omnium
648 2731 701 2771 rex
714 2716 828 2771 oreatus
841 2716 893 2772 eet
936 2712 1052 2792 Vulpes

85 2810 198 2877 tumen,
215 2805 263 2863 oui
286 2805 364 2865 simii
386 2824 464 2865 nova
486 2805 615 2882 dignitas
634 2805 757 2863 minime
776 2810 858 2882 grata
873 2806 940 2882 fuir,
954 2826 1052 2884 regem

87 2897 264 2957 submovere
291 2899 454 2959 constituit
513 2897 621 2958 “veni
654 2898 807 2972 meeum‚”
834 2899 941 2977 inquit,
973 2903 1052 2961 “rex

86 3008 201 3067 magne,
217 2991 319 3051 iuvdui
342 2994 422 3052 euim
444 2992 500 3053 eub
519 2993 643 3069 antiqui
663 3011 771 3070 quereu
784 2993 912 3053 multum
926 2996 1050 3072 argenti,

86 3084 170 3161 quod
180 3084 248 3160 jure
262 3104 362 3163 regum
376 3086 433 3146 tibi
446 3085 596 3164 proprium
610 3085 682 3146 erte’
722 3085 835 3146 Simius
848 3087 949 3146 rtatim
959 3088 1052 3165 jureit

86 3196 154 3237 eam
167 3178 206 3237 ad
218 3178 316 3239 locum
330 3199 361 3240 ee
376 3179 489 3253 dooere,
504 3178 680 3256 inciditque
693 3179 725 3238 in
740 3179 847 3257 plegae,
860 3198 932 3257 quae
945 3181 1052 3259 vulpee

86 3278 248 3351 paraverat.
302 3274 378 3334 Tum
405 3273 458 3333 illa
479 3291 547 3333 oum
574 3272 644 3347 rien,
673 3272 854 3348 “Quomodo
878 3280 913 3333 tu
940 3275 1054 3351 poter?

84 3365 196 3443 iuquit,
225 3366 326 3428 “alios
352 3387 458 3446 regere,
484 3367 536 3445 qui
560 3385 599 3427 ne
622 3372 654 3426 te
680 3366 779 3445 ipsum
808 3366 928 3444 quidem
956 3387 1054 3447 regere

85 3460 215 3539 poton„
