2425 3850
492 212 766 284 umusuons.

362 495 432 564 105.
454 481 568 547 Dumb
585 481 686 588 Shozo
702 479 910 566 (continued).

191 617 352 696 Postquam
365 619 467 679 eodem
480 620 568 680 modo
578 619 728 680 simulatas
742 620 830 697 dapes
843 619 948 679 above
962 638 1055 696 usque
1069 617 1110 677 ad

150 711 227 769 mala
254 711 476 787 devoraverunt,
505 712 652 772 Admetus
681 715 745 790 jam
773 714 810 773 ab
845 713 927 771 omni
961 732 1012 789 spe
1046 712 1109 772 cibi

150 804 290 880 dejectus,
307 806 324 838 “
337 804 441 881 Siste,''
457 807 565 885 inquit,
582 808 600 839 “
611 807 749 879 laborem,
764 806 835 866 satie
856 807 935 865 enim
955 806 1012 881 edi,
1027 806 1108 865 ultra

149 915 204 956 nec
218 916 336 975 possum
354 918 407 959 nec
421 900 517 960 volo.’'
559 900 617 961 Cui
631 901 777 975 dominus,
795 905 812 933 “
823 902 874 974 At,
890 901 915 959 si
929 919 990 960 non
1010 899 1105 972 edere,

150 995 228 1049 certe
254 991 368 1068 aliquid
396 992 496 1052 bibere
523 994 633 1071 potes.'’
689 993 794 1067 Simul,
824 993 969 1071 “Agita''
997 993 1105 1070 inquit,

151 1087 169 1116 ‘⁶
180 1084 265 1159 servi,
281 1086 381 1145 afferte
394 1086 470 1146 mihi
489 1086 566 1146 illud
584 1088 698 1160 vinum,
720 1087 799 1165 quod
820 1088 891 1147 cado
912 1106 985 1146 avus
1005 1091 1108 1146 noster

147 1176 276 1237 Plancus
299 1179 459 1241 condidit’'
499 1180 626 1257 Deinde,
655 1187 690 1239 ut
716 1188 811 1254 antea,
839 1186 995 1258 postquam
1019 1181 1104 1240 visus

148 1276 210 1328 erat
223 1271 327 1330 vinum
340 1272 489 1331 effundere
502 1272 535 1331 in
545 1276 647 1332 fictum
659 1273 806 1350 poculum,
818 1273 849 1332 id
864 1275 956 1332 amico
970 1272 1103 1332 tradidit.

147 1363 207 1422 Hic
233 1373 331 1424 auteur
359 1370 511 1443 personam
538 1367 627 1426 etiam
654 1367 758 1426 melius
785 1367 945 1442 sustinuit3
973 1367 1104 1444 primum

147 1457 228 1516 enim
254 1458 293 1517 ed
320 1458 416 1518 lucem
443 1460 581 1536 poculum
609 1459 739 1533 sustulit,
763 1459 868 1519 deinde
892 1459 957 1519 vini
984 1460 1104 1518 odorem

147 1551 268 1610 naribus
295 1553 433 1629 captavit,
459 1558 604 1629 postremo
631 1554 784 1612 absorbere
807 1554 888 1612 visus
916 1559 967 1614 est
1023 1553 1105 1628 Quid

148 1643 260 1703 multat
300 1644 461 1722 Postquam
481 1648 596 1724 saepius
617 1647 721 1706 vinum
741 1648 863 1720 biberat,
879 1646 993 1706 ebrium
1014 1648 1105 1705 simu·

145 1737 220 1810 lans,
236 1756 318 1796 crura
338 1744 368 1798 et
388 1739 508 1799 brachia
525 1742 636 1817 jactare
658 1741 781 1818 incipit;
809 1741 944 1817 denique,
960 1746 1104 1818 tanquam

146 1849 224 1905 casu,
236 1836 324 1908 ceput
335 1832 461 1909 hospitis
471 1833 565 1909 jocosi
579 1834 641 1893 ictu
654 1835 823 1911 gravissimo
834 1834 971 1912 pulsavit.
1014 1833 1101 1908 Inda,

146 1924 219 1984 dum
232 1923 283 1984 ille
297 1924 381 1985 humi
391 1928 470 2004 jacet
484 1929 607 2002 saucius,
622 1928 671 1987 hic
686 1928 761 1989 forae
774 1948 836 1988 sese
850 1928 963 2005 eripuit

416 2136 485 2203 106.
507 2138 540 2201 A
558 2138 667 2202 Hard
676 2139 838 2223 Bargain.

185 2271 323 2350 Agricola
336 2272 464 2349 quidam,
479 2275 526 2333 vir
539 2274 622 2334 dives
636 2281 724 2353 atque
737 2275 816 2335 idem
835 2295 947 2351 avenas,
963 2276 1033 2335 dum
1049 2296 1103 2353 per

145 2366 325 2444 agrescunt,
340 2387 410 2445 opes
423 2368 600 2446 divitiasque
617 2390 715 2429 secum
729 2371 936 2431 considerabat.
980 2370 1102 2448 Segetes

144 2461 264 2537 quidem
279 2462 384 2537 aristis,
396 2462 491 2538 pomis
504 2462 620 2523 arbores
634 2469 767 2523 oneratae
780 2471 858 2537 sunt,
871 2464 986 2524 stabula
999 2471 1101 2524 autem

144 2553 240 2614 bobus
267 2556 427 2633 pinguibus
456 2556 658 2634 jumentisque
686 2558 884 2618 abundabant
948 2559 996 2618 Ex
1022 2559 1101 2635 agris

145 2648 266 2707 domum
293 2667 445 2725 regressus,
469 2656 625 2727 postquam
652 2652 737 2710 aedes
760 2652 890 2724 intravit,
916 2670 1019 2725 arcam,
1046 2652 1101 2712 ubi

144 2742 260 2800 nummi
270 2741 382 2801 conditi
392 2748 471 2817 sunt,
481 2744 576 2804 avidis
590 2746 682 2804 oculis
695 2746 954 2823 contemplabatur.
992 2744 1100 2807 Subito

144 2854 247 2894 vocem
270 2837 386 2896 audivit
409 2839 542 2899 dicentia
598 2840 710 2899 “Num
734 2859 803 2899 auro
827 2840 998 2916 divitiisque
1022 2840 1101 2900 bene

144 2948 216 2988 usus
229 2949 260 2989 es
268 2930 279 2988 i
287 2930 303 2959 ''
345 2936 363 2965 “
374 2931 562 3009 Unquam-ne
576 2953 716 3011 pauperes
729 2953 902 3011 egenos-que
916 2935 1055 2994 curavisti
1064 2937 1075 2994 t
1083 2936 1102 2964 ''

145 3023 210 3099 Qui
236 3042 308 3084 voce
341 3027 485 3085 attonitus
512 3026 583 3086 dum
611 3028 704 3087 vitam
738 3028 922 3104 praeteritam
956 3034 1096 3103 recenset,

143 3117 268 3175 occurrit
288 3136 399 3196 pauper
418 3118 547 3194 quidem,
569 3123 599 3178 et
620 3119 732 3197 aliquid
752 3121 866 3197 argenti
885 3120 923 3179 ab
944 3140 978 3179 eo
999 3121 1095 3198 petiit.

145 3214 164 3244 “
174 3210 212 3269 Id
231 3211 288 3271 tibi
306 3212 434 3271 libenter
451 3213 554 3286 dab0,''
574 3214 726 3291 respondit
745 3214 805 3289 ille,
822 3215 877 3275 “si
897 3214 978 3274 voles
998 3234 1098 3275 meum

142 3304 308 3381 sepulcrum
322 3306 385 3366 dies
397 3312 555 3384 noctesque
576 3312 635 3367 tres
655 3307 828 3367 custodire.’'
869 3308 984 3383 Quibus
997 3308 1097 3369 verbis

141 3399 296 3474 pecuniam
309 3398 394 3459 alteri
408 3400 537 3474 tradidit,
552 3405 583 3461 et
595 3402 696 3461 statim
711 3402 802 3475 evita
816 3400 956 3463 discessit.
