2425 3850
518 253 796 322 Translatlons.

423 508 492 572 109
515 490 576 554 An
589 490 896 576 ImpunialJudge.

222 625 291 684 Duo
304 626 376 686 olim
385 628 519 701 viatores,
531 629 603 687 dum
616 628 698 687 haud
710 627 813 706 procul
826 627 908 686 Baiis
920 627 978 686 iter
989 647 1042 706 par
1055 647 1136 687 oram

181 719 357 777 maritimam
384 721 505 794 faciunt,
533 722 724 798 conchylium
754 722 868 798 ingens,
896 721 977 798 quod
1003 722 1037 779 in
1063 740 1137 798 rupe

180 812 308 888 quidam
326 813 472 886 haerebat,
493 820 717 891 conspexerunt
767 814 854 888 Quod
874 814 927 873 ubi
947 820 1135 892 conspectum

180 911 233 978 est,
248 912 371 983 uterquc
384 927 492 981 eorum,
503 913 646 985 tanquam
659 907 805 967 divinitus
818 906 959 981 oblatum,
974 907 1059 966 edere
1072 909 1137 984 ipse

179 1000 284 1060 voluit
326 1001 444 1061 Deinde
464 1002 546 1075 alter,
570 1004 624 1080 qui
647 1004 760 1081 primus
783 1002 822 1060 ad
844 1001 942 1060 locum
967 1002 1135 1077 advenerat,

179 1094 266 1153 avide
289 1096 477 1172 conchylium
504 1115 522 1153 a
547 1116 622 1173 rupe
648 1095 762 1167 avellit,
785 1093 860 1152 alter
886 1101 985 1153 autem
1009 1095 1136 1153 amicum

178 1187 306 1262 graviter
331 1188 485 1266 increpuit
530 1190 624 1266 “Ego
652 1189 758 1260 enim,”
786 1187 893 1264 inquit,
925 1188 1009 1246 “etsi
1035 1189 1137 1264 paullo

179 1285 289 1344 tardior
308 1287 424 1360 adveni,
446 1288 524 1364 prior
543 1293 644 1346 tamen
664 1286 697 1345 id
709 1285 801 1345 vidi”
841 1284 923 1344 Dum
944 1286 987 1343 ita
1007 1285 1084 1344 inter
1105 1306 1136 1345 se

178 1379 322 1455 rixantur,
333 1382 457 1440 occurrit
467 1381 589 1457 quidam
600 1381 720 1439 nomine
732 1380 851 1456 utrique
864 1387 960 1438 notus
1003 1378 1055 1437 Ad
1068 1398 1136 1437 aum

178 1473 265 1533 ambo
279 1493 341 1532 rem
353 1477 522 1550 rejecerunt
566 1475 625 1532 Hic
639 1479 738 1532 autem
753 1479 844 1532 totam
861 1492 977 1530 causam
990 1472 1137 1548 patienter

178 1567 294 1626 audivit
302 1589 313 1641 3
336 1568 451 1641 deinde,
472 1575 630 1646 postqum
649 1569 746 1627 fronte
765 1567 926 1643 tranquilla
946 1567 1135 1644 conchylium

178 1661 360 1736 patefecerat,
374 1662 525 1721 devorarit
534 1663 606 1740 ipse
642 1662 719 1720 Iuda
729 1662 768 1720 ad
778 1662 886 1719 amicos
896 1680 1004 1731 versus,
1016 1662 1135 1738 utrique

177 1753 297 1814 alteram
321 1755 464 1814 concham
485 1757 609 1815 tradidit
631 1755 680 1814 his
703 1755 809 1828 verbis,
835 1755 952 1813 “Nihil
970 1755 1135 1830 jucundius

177 1867 308 1924 unquam
321 1849 388 1924 edi,
409 1870 475 1909 cum
488 1850 567 1908 bona
579 1869 650 1927 pace
664 1849 769 1908 abite‘'

432 2030 501 2077 110.
522 2011 726 2077 Inattention
741 2010 886 2075 rebuked

217 2131 431 2206 Demosthenes
450 2133 502 2192 ille
515 2139 612 2192 orator
624 2132 801 2192 chrianmus
821 2132 901 2208 qnod
921 2131 1085 2208 respublica
1098 2131 1133 2191 in

177 2244 325 2284 summum
351 2225 508 2283 discrimen
534 2226 663 2285 adducta
689 2231 735 2284 est
768 2244 821 2303 pcr
847 2225 969 2283 consilia
996 2224 1135 2302 Philippi

177 2320 374 2378 Macedonum
386 2321 470 2397 regis,
487 2320 683 2380 Athenienses
697 2319 734 2378 de
747 2320 885 2395 periculo,
901 2318 980 2395 quod
1000 2320 1137 2379 immine-

175 2411 238 2485 bat,
264 2432 349 2490 saepe
376 2414 522 2473 monebat
565 2413 745 2491 Aliquando,
775 2413 847 2471 dum
874 2432 954 2472 more
978 2432 1031 2472 suo
1055 2415 1136 2474 cives

176 2507 319 2582 hortatur,
347 2508 469 2566 miratus
497 2508 578 2585 quod
610 2508 708 2567 surdis
734 2507 853 2566 auribus
881 2508 970 2567 verba
997 2506 1134 2583 faciebat,

176 2601 275 2660 subito
290 2620 391 2659 vocem
410 2603 544 2661 mutavit
589 2604 608 2633 “
620 2600 707 2661 Ceres
720 2600 819 2672 olim‚’'
831 2600 939 2677 inquit,
957 2604 974 2632 “
985 2592 1046 2660 una
1066 2622 1135 2661 cum

176 2694 336 2753 hirundine
356 2701 387 2753 et
406 2715 500 2770 angue
520 2695 636 2754 itineris
656 2694 813 2754 comitibus
833 2696 971 2772 profecta,
986 2694 1025 2753 ad
1039 2695 1135 2755 altum

176 2789 311 2867 pervenit
337 2788 455 2864 flumen,
482 2789 561 2866 quod
584 2788 715 2848 tranavit
741 2788 854 2864 anguis,
879 2787 1008 2847 hirundo
1032 2795 1134 2849 autem

176 2882 282 2959 pennis
302 2883 522 2942 transvolavit'’
573 2882 632 2940 ffic
652 2882 707 2941 ubi
726 2887 822 2940 orator
845 2881 944 2941 subito
958 2874 1135 2942 ¹sermonem

175 2980 342 3057 interrupit,
358 2982 424 3039 “At
438 2980 524 3040 Ceres
538 2980 602 3057 ipsa
616 2980 762 3055 quomodo
777 2980 899 3056 trajecta
912 2978 999 3039 estt'’
1014 2998 1136 3058 excepe-

175 3081 246 3137 runt
269 3079 355 3138 cives.
413 3078 489 3137 Tum
512 3077 564 3137 ille
583 3078 671 3136 vultu
691 3096 800 3151 severo,
824 3081 842 3109 “
853 3078 1020 3153 Numquid
1047 3079 1135 3138 vobis

174 3176 296 3236 stultius
327 3195 389 3235 esse
419 3181 525 3252 potest,
554 3174 760 3249 Athenienses,
790 3175 842 3252 qui
873 3176 916 3233 ita
943 3175 1135 3237 delectamini

174 3270 292 3343 fabulis,
317 3269 426 3346 quibus
453 3270 655 3329 auctoritatem
682 3269 803 3347 quidem
829 3268 943 3329 nullam
972 3269 1135 3348 adjungere

175 3364 324 3434 debemus,
339 3362 512 3441 Philippum
525 3368 634 3438 tamen,
649 3364 702 3440 qui
716 3364 841 3423 exitium
853 3364 971 3423 civitati
990 3364 1132 3440 minatur,

175 3456 264 3515 nihili
277 3455 411 3514 habetis?
